--- COMMENTS may be placed outside the @ENTRYTYPE{ ... } stuctures
--- CMS guidelines
---- Every journal article citation should include the DOI, assuming one exists.
---- All URLs for CMS notes, ANs, etc, should refer to the CDS server, not the CMS server. Use our standard format for them, as show in the old svn documentation.
----  CMS Notes not available on CDS are regarded as private and may not be cited.
----  CMS physics papers (i.e., those intended for publication in journals) may reference only POG PASs, not PAG PASs.
---- For papers by collaborations, list the collaboration in the COLLABOROATION field and put the first author and "and others" in the AUTHOR field.
----  If only the collaboration is listed as the author, put "{XXX Collaboration}" under AUTHOR.
----  Note that we automatically replace the AUTHOR field with the collaboration name for ATLAS, CMS, LHCb, and ATLAS at submission time. Please don't remove the
----  "First Author and others" in the AUTHOR field.
---- Other items:
----   PAGES: Please only list the first page, not the range.
----   ISSUE: Please do not include in most cases.
----   URL: Do not include this field if a DOI is available.
---- Number of authors to list:
----   PRL requests that we include all authors up to fifteen except for large collaborations, and we take this as our internal guide as well. If there
----   are more than fifteen, just list the first author + "and others", as above.
----   The individual journal bib style file (theirs, ours, PLB, etc.) will truncate at the appropriate point. We have ours set to _1_ for more than four.
---- Use only the URL field instead of embedding an href.
---- A reference only published on the arXiv should be listed as UNPUBLISHED (with a note "Submitted to XXX" for large collaboration papers).
----   Experimental papers only on the arXiv and not submitted for publication may not be cited.
---- Some journals (and us) will lowercase the title: use {} to protect words which must be capitalized, e.g., {LHC}, {TeV}, {CERN}, {CMS}.
----  Do not escape the entire title as it will then clash with the journal style.
---- Journal names: the journals generally include the series in the journal name, "Physical Review D", vol 5, rather than PR D5
---- >>> Please use the --preview option with the tdr script to perform a simple-minded reference check before uploading. This requires python.
%
%
%    Many commonly cited papers are available under svn+ssh://svn.cern.ch/reps/tdr/utils/branches/dev/general/gen.bib and utils/trunk/higgs.bin.

%
% Notes hosted only on CDS are listed as TECHREPORTs.
%
@TECHREPORT{CMS_AN_2006-027,
     AUTHOR       = "Belotelov, I. and Golutvin, I. and Bourilkov, D. and Lanyov, A. and Rogalev, E. and Savina, M. and Shmatov, S.",
     TITLE        = "Search for {ADD} extra dimensional gravity in di-muon channel with the {CMS} Detector",
     TYPE      = "CMS Note",
     NUMBER       = "2006/076",
     URL          = "http://cdsweb.cern.ch/record/962045",
     YEAR         = "2006"}
@TECHREPORT{CMS_NOTE_2006-106,
     AUTHOR       = "Aldaya, M. and Arce, P. and Caballero, J. and de la Cruz, B. and Garcia-Abia, P. and Hernandez, J. M. and Josa, M. I. and Ruiz, E.",
     TITLE        = "Discovery potential and search strategy for the Standard Model {H}iggs boson in the {$H\to ZZ^\star\to 4\mu$} decay channel using a mass-independent analysis",
     TYPE      = "CMS Note",
     NUMBER       = "2006/106",
     URL          = "http://cdsweb.cern.ch/record/962058",
     YEAR         = "2006"}
%
% standard article
%
@Article{Brandt:1997gi,
     author    = "Brandt, A. and others",
 collaboration = "UA8",
     title     = "Measurements of single diffraction at $\sqrt{s} =$ 630 {GeV}:
                  Evidence for  a non-linear $\alpha(t)$ of the pomeron",
     journal   = "Nucl. Phys. B",
     volume    = "514",
     year      = "1998",
     pages     = "3",
     SLACcitation  = "%%CITATION = HEP-EX 9710004;%%",
     doi       = "10.1016/S0550-3213(97)00813-4"
}
@ARTICLE{Buchmuller:1986zs,
     AUTHOR       = "Buchm{\"u}ller, W. and Wyler, D.",
     TITLE        = "Constraints on {SU(5)}-type leptoquarks",
     JOURNAL      = "Phys. Lett. B",
     VOLUME       = "177",
     YEAR         = "1986",
     pages        = "377",
     SLACcitation  = "%%CITATION = PHLTA,B191,442;%%",
     doi          = "10.1016/0370-2693(86)90771-9"}
@Article{PTDR2,
     author    = "{CMS Collaboration}",
     title     = "{CMS} technical design report, volume {II}: {Physics}
                  performance",
     journal   = "J. Phys. G",
     volume    = "34",
     year      = "2007",
     pages     = "995",
     doi       = "10.1088/0954-3899/34/6/S01",
     SLACcitation  = "%%CITATION = JPHGB,G34,995;%%"
}
% PAS are now TECHREPORTS. Same for Notes. A formatted list of PASs is located in [svn]/utils/branches/dev/general/pasBib-tech.bib
@TECHREPORT{CMS-PAS-JME-10-003,
      AUTHOR      = "{CMS Collaboration}",
      COLLABORATION = {CMS},
      TITLE       = "Jet Performance in pp Collisions at $\sqrt{s}$=7 {TeV}",
      URL         = "http://cdsweb.cern.ch/record/1279362",
      TYPE     = "CMS Physics Analysis Summary",
      NUMBER      = "CMS-PAS-JME-10-003",
      YEAR        = "2010"
}
%SPIRES had this one as R. Adolphi, et. al. Wrong. Now corrected in InspireHEP.
@Article{Chatrchyan:2008zzk,
     author    = "Chatrchyan, S. and others",
     collaboration = "CMS",
     title     = "The {CMS} experiment at the {CERN} {LHC}",
     journal   = "JINST",
     volume    = "3",
     year      = "2008",
     pages     = "S08004",
     doi       = "10.1088/1748-0221/3/08/S08004",
     SLACcitation  = "%%CITATION = JINST,3,S08004;%%"
}
% An evergreen:
@article{Beringer:1900zz,
      author         = "{Particle Data Group} and Beringer, J. and others",
      title          = "{Review of Particle Physics}",
      journal        = "Phys. Rev. D",
      volume         = "86",
      pages          = "010001",
      doi            = "10.1103/PhysRevD.86.010001",
      year           = "2012",
      SLACcitation   = "%%CITATION = PHRVA,D86,010001;%%",
}
%
@UNPUBLISHED{LEPewkfits,
     author = "{ALEPH, CDF, D0, DELPHI, L3, OPAL, SLD Collaborations,
                                    the LEP Electroweak Working Group, the Tevatron Electroweak Working Group, and the SLD Electroweak and Heavy Flavour Groups}",
     title     = "Precision electroweak measurements and constraints on
the {Standard Model}",
     URL       = "http://lepewwg.web.cern.ch/LEPEWWG",
     eprint    = "1012.2367",
     archivePrefix = "arXiv",
     primaryClass  =  "hep-ex",
     year  = "2010",
     SLACcitation  = "%%CITATION = 1012.2367;%%"
}
%
% A document hosted on a laboratory server
%
@TECHREPORT{Bertram:2000br,
  author = " Bertram, I. and Landsberg, G. and Linnemann, J. and Partridge, R. and Paterno, M. and Prosper, H. B.",
  title =  "A Recipe for the construction of confidence limits",
  institution = "Fermilab",
  number     = "{TM-2104}",
  url = "http://lss.fnal.gov/archive/test-tm/2000/fermilab-tm-2104.pdf",
  year = "2000"
 }
 %
 % A document included in Proceedings. PRL may want the ADDRESS field as well.
 %
@INPROCEEDINGS{RooStats,
  AUTHOR       = "Moneta, L. and Belasco, K. and  Cranmer, K. S. and Lazzaro, A. and Piparo, D. and Schott, G. and Verkerke, W. and Wolf, M. ",
  TITLE        = "The {R}oo{S}tats {P}roject",
  BOOKTITLE = "13$^\text{th}$ International Workshop on Advanced Computing and Analysis Techniques in Physics Research (ACAT2010)",
  YEAR         = "2010",
  PUBLISHER = "SISSA",
  NOTE = "{PoS(ACAT2010)057}",
  URL          = "http://pos.sissa.it/archive/conferences/093/057/ACAT2010_057.pdf",
  eprint = "1009.1003",
  primaryClass = "physics.data-an"
}
%
% CMS/ATLAS papers submitted but not yet accepted; The SLACcitation is not required. This is only for illustration, these are now published.
% Upon acceptance the note is modified and the DOI included (if available).
%
@Unpublished{Khachatryan:2010mp,
     author    = "{CMS Collaboration}",
     collaboration = "CMS",
     title     = "Search for Pair Production of First-Generation Scalar Leptoquarks in pp Collisions at $\sqrt{s} = 7$ {TeV}",
     note  = "Submitted to \textit{Phys. Rev. Lett.}",
     eprint    = "1012.4031",
     archivePrefix = "arXiv",
     primaryClass  =  "hep-ex",
     year = "2010",
     SLACcitation  = "%%CITATION = 1012.4031;%%"
}
@Unpublished{CMS-PAPER-MUO-10-004,
     author    = "{CMS Collaboration}",
     collaboration = "CMS",
     title     = "Performance of CMS muon reconstruction in pp collision events at {$\sqrt{s} = 7$\TeV}",
     note  = "Submitted to \textit{J. Inst.}",
     eprint    = "1206.4071",
     archivePrefix = "arXiv",
     primaryClass  =  "physics.ins-det",
     year = "2012",
}
@Unpublished{ATLAS:2011aa,
        Archiveprefix = {arXiv},
        Author = {{ATLAS Collaboration}},
        Collaboration = {ATLAS},
        Eprint = {1112.2577},
        Note = {Submitted to \textit{Phys. Rev. Lett.}},
        Primaryclass = {hep-ex},
        Slaccitation = {%%CITATION = 1112.2577;%%},
        Title = {Search for the {H}iggs boson in the {$H\to$WW(*)$\to \ell^+ \nu \ell^- \bar{\nu}$} decay channel in pp collisions at $\sqrt{s}$ = 7 {TeV} with the {ATLAS} detector},
        Year = {2011}}
% Misc
@Article{Cacciari:2008gp,
     AUTHOR    = "Cacciari, Matteo and Salam, Gavin P. and Soyez, Gregory",
     TITLE     = "The anti-$k_t$ jet clustering algorithm",
     JOURNAL   = "JHEP",
     VOLUME    = "04",
     YEAR      = "2008",
     PAGES     = "063",
     doi       = "10.1088/1126-6708/2008/04/063",
     eprint         = "0802.1189",
     archivePrefix  = "arXiv",
     primaryClass   = "hep-ex",
}
@Article{Sjostrand:2006za,
      author         = "Sj{\"o}strand, Torbj{\"o}rn and Mrenna, Stephen and Skands, Peter",
      title          = "{PYTHIA} 6.4 physics and manual",
      journal        = "JHEP",
      volume         = "05",
      pages          = "026",
      doi            = "10.1088/1126-6708/2006/05/026",
      year           = "2006",
      eprint         = "hep-ph/0603175",
      archivePrefix  = "arXiv",
      primaryClass   = "hep-ph",
      reportNumber   = "FERMILAB-PUB-06-052-CD-T, LU-TP-06-13",
      SLACcitation   = "%%CITATION = HEP-PH/0603175;%%",
}
@INCOLLECTION{nu2,
    author        = "Giunti, C. and Laveder, M.",
    title         = "Neutrino mixing",
    booktitle     = "Developments in Quantum Physics",
    editor        = "Columbus, F. and Krasnoholovets, V.",
    publisher     = "Nova Science Publishers, Inc.",
    eprint        = "hep-ph/0310238",
    archivePrefix = "arXiv",
    primaryClass  = "hep-ph",
    year          = "2004",
    isbn          = "1-59454-003-9"
}

@article{jec,
      author         = "Khachatryan, Vardan and others",
      title          = "{Jet energy scale and resolution in the CMS experiment in
                        pp collisions at 8 TeV}",
      collaboration  = "CMS",
      year           = "2016",
      eprint         = "1607.03663",
      archivePrefix  = "arXiv",
      primaryClass   = "hep-ex",
      reportNumber   = "CMS-JME-13-004, CERN-PH-EP-2015-305",
      SLACcitation   = "%%CITATION = ARXIV:1607.03663;%%"                                                                                
}

% CMS and ATLAS PASes and papers

@article{Ackermann:2011wa,
      author         = "Ackermann, M. and others",
      title          = "{Constraining Dark Matter Models from a Combined Analysis
                        of Milky Way Satellites with the Fermi Large Area
                        Telescope}",
      collaboration  = "Fermi-LAT",
      journal        = "Phys. Rev. Lett.",
      volume         = "107",
      year           = "2011",
      pages          = "241302",
      doi            = "10.1103/PhysRevLett.107.241302",
      eprint         = "1108.3546",
      archivePrefix  = "arXiv",
      primaryClass   = "astro-ph.HE",
      reportNumber   = "SLAC-PUB-15004",
      SLACcitation   = "%%CITATION = ARXIV:1108.3546;%%"
}

@article{Abdo:2010ex,
      author         = "Abdo, A. A. and others",
      title          = "{Observations of Milky Way Dwarf Spheroidal galaxies with
                        the Fermi-LAT detector and constraints on Dark Matter
                        models}",
      collaboration  = "Fermi-LAT",
      journal        = "Astrophys. J.",
      volume         = "712",
      year           = "2010",
      pages          = "147",
      doi            = "10.1088/0004-637X/712/1/147",
      eprint         = "1001.4531",
      archivePrefix  = "arXiv",
      primaryClass   = "astro-ph.CO",
      reportNumber   = "SLAC-PUB-13949",
      SLACcitation   = "%%CITATION = ARXIV:1001.4531;%%"
}

@article{Agnese:2015nto,
      author         = "Agnese, R. and others",
      title          = "{New Results from the Search for Low-Mass Weakly
                        Interacting Massive Particles with the CDMS Low Ionization
                        Threshold Experiment}",
      collaboration  = "SuperCDMS",
      journal        = "Phys. Rev. Lett.",
      volume         = "116",
      year           = "2016",
      pages          = "071301",
      doi            = "10.1103/PhysRevLett.116.071301",
      eprint         = "1509.02448",
      archivePrefix  = "arXiv",
      primaryClass   = "astro-ph.CO",
      reportNumber   = "IPPP-15-56, DCTP-15-112, FERMILAB-PUB-15-394-AE",
      SLACcitation   = "%%CITATION = ARXIV:1509.02448;%%"
}
@article{cresst,
      author         = "Angloher, G. and others",
      title          = "{Results on light dark matter particles with a
                        low-threshold CRESST-II detector}",
      collaboration  = "CRESST",
      journal        = "Eur. Phys. J. C",
      volume         = "76",
      year           = "2016",
      pages          = "25",
      doi            = "10.1140/epjc/s10052-016-3877-3",
      eprint         = "1509.01515",
      archivePrefix  = "arXiv",
      primaryClass   = "astro-ph.CO",
      SLACcitation   = "%%CITATION = ARXIV:1509.01515;%%"
}

@article{panda,
      author         = "Tan, Andi and others",
      title          = "{Dark Matter Results from First 98.7-day Data of
                        PandaX-II Experiment}",
      collaboration  = "PandaX-II",
      year           = "2016",
      eprint         = "1607.07400",
      archivePrefix  = "arXiv",
      primaryClass   = "hep-ex",
      SLACcitation   = "%%CITATION = ARXIV:1607.07400;%%"
}

@article{Aad:2013oja,
      author         = "Aad, Georges and others",
      title          = "{Search for dark matter in events with a hadronically
                        decaying W or Z boson and missing transverse momentum in
                        $pp$ collisions at $\sqrt{s} =$ 8 TeV with the ATLAS
                        detector}",
      collaboration  = "ATLAS",
      journal        = "Phys. Rev. Lett.",
      volume         = "112",
      year           = "2014",
      pages          = "041802",
      doi            = "10.1103/PhysRevLett.112.041802",
      eprint         = "1309.4017",
      archivePrefix  = "arXiv",
      primaryClass   = "hep-ex",
      reportNumber   = "CERN-PH-EP-2013-158",
      SLACcitation   = "%%CITATION = ARXIV:1309.4017;%%"
}

@techreport{ATLAS-CONF-2015-080,
      title         = "{Search for dark matter produced in association with a
                       hadronically decaying vector boson in $pp$ collisions at
                       $\sqrt{s} = 13$ TeV with the ATLAS detector at the LHC}",
      collaboration = "ATLAS",
      institution   = "CERN",
      address       = "Geneva",
      number        = "ATLAS-CONF-2015-080",
      month         = "Dec",
      year          = "2015",
      reportNumber  = "ATLAS-CONF-2015-080",
      type          = "Physics Analysis Summary",
      url           = "http://cds.cern.ch/record/2114852",
}

@article{Chatrchyan:2008aa,
      author         = "Chatrchyan, S. and others",
      title          = "{The CMS experiment at the CERN LHC}",
      collaboration  = "CMS",
      journal        = "JINST",
      volume         = "3",
      year           = "2008",
      pages          = "S08004",
      doi            = "10.1088/1748-0221/3/08/S08004",
      SLACcitation   = "%%CITATION = JINST,3,S08004;%%"
}


@article{Khachatryan:2014rra,
      author         = "Khachatryan, Vardan and others",
      title          = "{Search for dark matter, extra dimensions, and
                        unparticles in monojet events in proto-proton
                        collisions at $\sqrt{s} = 8$ TeV}",
      collaboration  = "CMS",
      journal        = "Eur. Phys. J. C",
      volume         = "75",
      year           = "2015",
      pages          = "235",
      doi            = "10.1140/epjc/s10052-015-3451-4",
      eprint         = "1408.3583",
      archivePrefix  = "arXiv",
      primaryClass   = "hep-ex",
      reportNumber   = "CMS-EXO-12-048, CERN-PH-EP-2014-164",
      SLACcitation   = "%%CITATION = ARXIV:1408.3583;%%"
}

@techreport{CMS-PAS-EXO-16-013,
      title         = "{Search for dark matter production in association with
                       jets, or hadronically decaying W or Z boson at $\sqrt{s} =
                       13$ TeV}",
      institution   = "CERN",
      collaboration = "CMS",
      address       = "Geneva",
      number        = "CMS-PAS-EXO-16-013",
      year          = "2016",
      reportNumber  = "CMS-PAS-EXO-16-013",
      type          = "Physics Analysis Summary",
      url           = "https://cds.cern.ch/record/2148032",
}

@techreport{CMS-PAS-PFT-09-001,
      title         = "{Particle-Flow Event Reconstruction in CMS and Performance
                       for Jets, Taus, and MET}",
      institution   = "CERN",
      collaboration = "CMS",
      address       = "2009. Geneva",
      number        = "CMS-PAS-PFT-09-001",
      month         = "Apr",
      year          = "2009",
      reportNumber  = "CMS-PAS-PFT-09-001",
      type          = "Physics Analysis Summary",
      url           = "https://cds.cern.ch/record/1194487",
}

@techreport{CMS-PAS-PFT-10-001,
      title         = "{Commissioning of the Particle-flow Event Reconstruction
                       with the first LHC collisions recorded in the CMS
                       detector}",
      institution   = "CERN",
      collaboration = "CMS",
      address       = "2010",
      number        = "CMS-PAS-PFT-10-001",
      reportNumber  = "CMS-PAS-PFT-10-001",
      year          = "2015",
      type          = "Physics Analysis Summary",
      url           = "https://cds.cern.ch/record/1247373",
}

@techreport{CMS-PAS-BTV-15-001,
      title         = "{Identification of b quark jets at the CMS Experiment in
                       the LHC Run 2}",
      institution   = "CERN",
      collaboration = "CMS",
      address       = "Geneva",
      number        = "CMS-PAS-BTV-15-001",
      year          = "2016",
      reportNumber  = "CMS-PAS-BTV-15-001",
      type          = "Physics Analysis Summary",
      url           = "https://cds.cern.ch/record/2138504",
}


@ARTICLE{Chatrchyan:2011av,
      author        = {{CMS Collaboration}},
      title         = "{Determination of jet energy calibration and transverse momentum resolution in CMS}",
      journal       = {JINST},
      archivePrefix = "arXiv",
      eprint        = {1107.4277},
      primaryClass  = "physics.ins-det",
      year          = 2011,
      volume        = 6,
      pages         = {11002},
      doi           = {10.1088/1748-0221/6/11/P11002},
      adsurl        = {http://adsabs.harvard.edu/abs/2011JInst...611002C},
      adsnote       = {Provided by the SAO/NASA Astrophysics Data System}
}

@article{Chatrchyan:2012jua,
      author         = "Chatrchyan, Serguei and others",
      title          = "{Identification of b-quark jets with the CMS experiment}",
      collaboration  = "CMS",
      journal        = "JINST",
      volume         = "8",
      year           = "2013",
      pages          = "P04013",
      doi            = "10.1088/1748-0221/8/04/P04013",
      eprint         = "1211.4462",
      archivePrefix  = "arXiv",
      primaryClass   = "hep-ex",
      reportNumber   = "CMS-BTV-12-001, CERN-PH-EP-2012-262",
      SLACcitation   = "%%CITATION = ARXIV:1211.4462;%%"
}
@article{Sirunyan:2017ezt,
      author         = "Sirunyan, A. M. and others",
      title          = "Identification of heavy-flavour jets with the {CMS}
                        detector in pp collisions at 13 {TeV}",
      collaboration  = "CMS",
      journal        = "JINST",
      volume         = "13",
      year           = "2018",
      number         = "05",
      pages          = "P05011",
      doi            = "10.1088/1748-0221/13/05/P05011",
      eprint         = "1712.07158",
      archivePrefix  = "arXiv",
      primaryClass   = "physics.ins-det",
      reportNumber   = "CMS-BTV-16-002",
}
@article{Khachatryan:2015dfa,
      author         = "Khachatryan, Vardan and others",
      title          = "{Reconstruction and identification of $\tau$ lepton decays to
                        hadrons and $\nu_\tau$ at CMS}",
      collaboration  = "CMS",
      journal        = "JINST",
      volume         = "11",
      year           = "2016",
      pages          = "P01019",
      doi            = "10.1088/1748-0221/11/01/P01019",
      eprint         = "1510.07488",
      archivePrefix  = "arXiv",
      primaryClass   = "physics.ins-det",
      reportNumber   = "CMS-TAU-14-001, CERN-PH-EP-2015-261",
      SLACcitation   = "%%CITATION = ARXIV:1510.07488;%%"
}

@article{Khachatryan:2015iwa,
      author         = "Khachatryan, Vardan and others",
      title          = "{Performance of Photon Reconstruction and Identification
                        with the CMS Detector in Proton-Proton Collisions at
                        $\sqrt{s}$ = 8 TeV}",
      collaboration  = "CMS",
      journal        = "JINST",
      volume         = "10",
      year           = "2015",
      pages          = "P08010",
      doi            = "10.1088/1748-0221/10/08/P08010",
      eprint         = "1502.02702",
      archivePrefix  = "arXiv",
      primaryClass   = "physics.ins-det",
      reportNumber   = "CMS-EGM-14-001, CERN-PH-EP-2015-006",
      SLACcitation   = "%%CITATION = ARXIV:1502.02702;%%"
}

@article{Khachatryan:2014gga,
      author         = "Khachatryan, Vardan and others",
      title          = "{Performance of the CMS missing transverse momentum
                        reconstruction in pp data at $\sqrt{s}$ = 8 TeV}",
      collaboration  = "CMS",
      journal        = "JINST",
      volume         = "10",
      year           = "2015",
      pages          = "P02006",
      doi            = "10.1088/1748-0221/10/02/P02006",
      eprint         = "1411.0511",
      archivePrefix  = "arXiv",
      primaryClass   = "physics.ins-det",
      reportNumber   = "CMS-JME-13-003, CERN-PH-EP-2014-246",
      SLACcitation   = "%%CITATION = ARXIV:1411.0511;%%"
}

@techreport{CMS-PAS-LUM-15-001,
      title         = "{CMS Luminosity Measurement for the 2015 Data Taking
                       Period}",
      institution   = "CERN",
      collaboration = "CMS Collaboration",
      address       = "Geneva",
      number        = "CMS-PAS-LUM-15-001",
      year          = "2016",
      reportNumber  = "CMS-PAS-LUM-15-001",
      type          = "Physics Analysis Summary",
      url           = "https://cds.cern.ch/record/2138682",
}


@techreport{CMS-PAS-SUS-08-002,
      title         = "{Data-Driven Estimation of the Invisible Z Background to
                       the SUSY MET Plus Jets Search}",
      institution   = "CERN",
      collaboration = "CMS",
      address       = "2009. Geneva",
      number        = "CMS-PAS-SUS-08-002",
      month         = "Jan",
      year          = "2009",
      reportNumber  = "CMS-PAS-SUS-08-002",
      type          = "Physics Analysis Summary",
      url           = "http://cds.cern.ch/record/1194471",
}

@article{Collaboration:2011ida,
      author         = "Chatrchyan, Serguei and others",
      title          = "{Search for New Physics with Jets and Missing Transverse
                        Momentum in $pp$ collisions at $\sqrt{s}=7$ TeV}",
      collaboration  = "CMS",
      journal        = "JHEP",
      volume         = "08",
      year           = "2011",
      pages          = "155",
      doi            = "10.1007/JHEP08(2011)155",
      eprint         = "1106.4503",
      archivePrefix  = "arXiv",
      primaryClass   = "hep-ex",
      reportNumber   = "CERN-PH-EP-2011-065, CMS-SUS-10-005",
      SLACcitation   = "%%CITATION = ARXIV:1106.4503;%%"
}

@techreport{CMS-PAS-TOP-15-010,
      title         = "{First measurement of the differential cross section for
                       ttbar production in the dilepton final state at $\sqrt{s}$ = 13
                       TeV}",
      institution   = "CERN",
      collaboration = "CMS",
      address       = "Geneva",
      number        = "CMS-PAS-TOP-15-010",
      year          = "2015",
      reportNumber  = "CMS-PAS-TOP-15-010",
      type          = "Physics Analysis Summary",
      url           = "https://cds.cern.ch/record/2047866",
}

@article{Khachatryan:2015uqb,
      author         = "Khachatryan, Vardan and others",
      title          = "{Measurement of the top quark pair production cross
                        section in proton-proton collisions at $\sqrt{s} =$ 13
                        TeV}",
      collaboration  = "CMS",
      journal        = "Phys. Rev. Lett.",
      volume         = "116",
      year           = "2016",
      pages          = "052002",
      doi            = "10.1103/PhysRevLett.116.052002",
      eprint         = "1510.05302",
      archivePrefix  = "arXiv",
      primaryClass   = "hep-ex",
      reportNumber   = "CMS-TOP-15-003, CERN-PH-EP-2015-280",
      SLACcitation   = "%%CITATION = ARXIV:1510.05302;%%"
}


@article{Khachatryan:2015vra,
      author         = "Khachatryan, Vardan and others",
      title          = "{Searches for Supersymmetry using the M$_{T2}$ Variable
                        in Hadronic Events Produced in pp Collisions at 8 TeV}",
      collaboration  = "CMS",
      journal        = "JHEP",
      volume         = "05",
      year           = "2015",
      pages          = "078",
      doi            = "10.1007/JHEP05(2015)078",
      eprint         = "1502.04358",
      archivePrefix  = "arXiv",
      primaryClass   = "hep-ex",
      reportNumber   = "CMS-SUS-13-019, CERN-PH-EP-2015-017",
      SLACcitation   = "%%CITATION = ARXIV:1502.04358;%%"
}

@article{Chatrchyan:2014lfa,
      author         = "Chatrchyan, Serguei and others",
      title          = "{Search for new physics in the multijet and missing
                        transverse momentum final state in proton-proton
                        collisions at $\sqrt{s}$= 8 TeV}",
      collaboration  = "CMS",
      journal        = "JHEP",
      volume         = "06",
      year           = "2014",
      pages          = "055",
      doi            = "10.1007/JHEP06(2014)055",
      eprint         = "1402.4770",
      archivePrefix  = "arXiv",
      primaryClass   = "hep-ex",
      reportNumber   = "CMS-SUS-13-012, CERN-PH-EP-2014-015",
      SLACcitation   = "%%CITATION = ARXIV:1402.4770;%%"
}

@article{Chatrchyan:2012xdj,
      author         = "Chatrchyan, Serguei and others",
      title          = "{Observation of a new boson at a mass of 125 GeV with the
                        CMS experiment at the LHC}",
      collaboration  = "CMS",
      journal        = "Phys. Lett. B",
      volume         = "716",
      year           = "2012",
      pages          = "30",
      doi            = "10.1016/j.physletb.2012.08.021",
      eprint         = "1207.7235",
      archivePrefix  = "arXiv",
      primaryClass   = "hep-ex",
      reportNumber   = "CMS-HIG-12-028, CERN-PH-EP-2012-220",
      SLACcitation   = "%%CITATION = ARXIV:1207.7235;%%"
}

@article{Chatrchyan:2013lba,
      author         = "Chatrchyan, Serguei and others",
      title          = "{Observation of a new boson with mass near 125 GeV in pp
                        collisions at $\sqrt{s}$ = 7 and 8 TeV}",
      collaboration  = "CMS",
      journal        = "JHEP",
      volume         = "06",
      year           = "2013",
      pages          = "081",
      doi            = "10.1007/JHEP06(2013)081",
      eprint         = "1303.4571",
      archivePrefix  = "arXiv",
      primaryClass   = "hep-ex",
      reportNumber   = "CMS-HIG-12-036, CERN-PH-EP-2013-035",
      SLACcitation   = "%%CITATION = ARXIV:1303.4571;%%"
}

@article{Aad:2012tfa,
      author         = "Aad, Georges and others",
      title          = "{Observation of a new particle in the search for the
                        Standard Model Higgs boson with the ATLAS detector at the
                        LHC}",
      collaboration  = "ATLAS",
      journal        = "Phys. Lett. B",
      volume         = "716",
      year           = "2012",
      pages          = "1",
      doi            = "10.1016/j.physletb.2012.08.020",
      eprint         = "1207.7214",
      archivePrefix  = "arXiv",
      primaryClass   = "hep-ex",
      reportNumber   = "CERN-PH-EP-2012-218",
      SLACcitation   = "%%CITATION = ARXIV:1207.7214;%%"
}

@article{Khachatryan:2016mdm,
      author         = "Khachatryan, Vardan and others",
      title          = "{Search for dark matter in proton-proton collisions at 8
                        TeV with missing transverse momentum and vector boson
                        tagged jets}",
      collaboration  = "CMS",
      year           = "2016",
      eprint         = "1607.05764",
      archivePrefix  = "arXiv",
      primaryClass   = "hep-ex",
      reportNumber   = "CMS-EXO-12-055, CERN-EP-2016-178",
      SLACcitation   = "%%CITATION = ARXIV:1607.05764;%%"
}

@techreport{CMS-PAS-SMP-15-005,
      title         = "{Measurement of the ZZ production cross section in
                       $\ell\ell\ell'\ell'$ decays in pp collisions at $\sqrt{s} =
                       13$ TeV}",
      institution   = "CERN",
      collaboration = "CMS",
      address       = "Geneva",
      number        = "CMS-PAS-SMP-15-005",
      year          = "2015",
      reportNumber  = "CMS-PAS-SMP-15-005",
      type          = "Physics Analysis Summary",
      url           = "https://cds.cern.ch/record/2114822",
}
@techreport{CMS-PAS-SMP-15-006,
      title         = "{Measurement of the WZ production cross section in pp
                       collisions at $\sqrt{s} = 13$ TeV}",
      institution   = "CERN",
      collaboration = "CMS",
      address       = "Geneva",
      number        = "CMS-PAS-SMP-15-006",
      year          = "2015",
      reportNumber  = "CMS-PAS-SMP-15-006",
      type          = "Physics Analysis Summary",
      url           = "https://cds.cern.ch/record/2114821",
}

@article{Khachatryan:2016txa,
      author         = "Khachatryan, Vardan and others",
      title          = "{Measurement of the ZZ production cross section and Z
                        $\to \ell^+\ell^-\ell'^+\ell'^-$ branching fraction in pp
                        collisions at $\sqrt s$=13 TeV}",
      collaboration  = "CMS",
      journal        = "Phys. Lett. B",
      volume         = "763",
      year           = "2016",
      pages          = "280-303",
      doi            = "10.1016/j.physletb.2016.10.054",
      eprint         = "1607.08834",
      archivePrefix  = "arXiv",
      primaryClass   = "hep-ex",
      reportNumber   = "CMS-SMP-16-001, CERN-EP-2016-174",
      SLACcitation   = "%%CITATION = ARXIV:1607.08834;%%"
}

@article{Khachatryan:2016tgp,
      author         = "Khachatryan, Vardan and others",
      title          = "{Measurement of the WZ production cross section in pp
                        collisions at $\sqrt s$=13 TeV}",
      collaboration  = "CMS",
      journal        = "Phys. Lett. B",
      volume         = "766",
      year           = "2017",
      pages          = "268-290",
      doi            = "10.1016/j.physletb.2017.01.011",
      eprint         = "1607.06943",
      archivePrefix  = "arXiv",
      primaryClass   = "hep-ex",
      reportNumber   = "CMS-SMP-16-002, CERN-EP-2016-169",
      SLACcitation   = "%%CITATION = ARXIV:1607.06943;%%"
}
@article{Aad:2015zva,
      author         = "Aad, Georges and others",
      title          = "{Search for new phenomena in final states with an
                        energetic jet and large missing transverse momentum in pp
                        collisions at $\sqrt{s}=$8 TeV with the ATLAS detector}",
      collaboration  = "ATLAS",
      journal        = "Eur. Phys. J. C",
      volume         = "75",
      year           = "2015",
      pages          = "299",
      doi            = "10.1140/epjc/s10052-015-3517-3,
                        10.1140/epjc/s10052-015-3639-7",
      note           = "[Erratum: {\it Eur. Phys. J. C\/} {\bf 75} (2015) 408]",
      eprint         = "1502.01518",
      archivePrefix  = "arXiv",
      primaryClass   = "hep-ex",
      reportNumber   = "CERN-PH-EP-2014-299",
      SLACcitation   = "%%CITATION = ARXIV:1502.01518;%%"
}


@article{Aaboud:2016tnv,
      author         = "Aaboud, Morad and others",
      title          = "{Search for new phenomena in final states with an
                        energetic jet and large missing transverse momentum in
                        $pp$ collisions at $\sqrt{s}=13$ TeV using the ATLAS
                        detector}",
      collaboration  = "ATLAS",
      year           = "2016",
      eprint         = "1604.07773",
      archivePrefix  = "arXiv",
      primaryClass   = "hep-ex",
      reportNumber   = "CERN-EP-2016-075",
      SLACcitation   = "%%CITATION = ARXIV:1604.07773;%%"
}

% Statistics 

@article{Junk:1999kv,
      author         = "Junk, Thomas",
      title          = "{Confidence level computation for combining searches with
                        small statistics}",
      journal        = "Nucl. Instrum. Meth. A",
      volume         = "434",
      year           = "1999",
      pages          = "435",
      doi            = "10.1016/S0168-9002(99)00498-2",
      eprint         = "hep-ex/9902006",
      archivePrefix  = "arXiv",
      primaryClass   = "hep-ex",
      reportNumber   = "CARLETON-OPAL-PHYS-99-01, CERN-EP-99-041",
      SLACcitation   = "%%CITATION = HEP-EX/9902006;%%"
}


@article{Read:2002av,
      author         = {Read,~A.~L.},
      title          = {Presentation of search results: the {CLs} technique},
      journal        = {J. Phys. G},
      volume         = {28},
      pages          = {2693},
      url            = {http://stacks.iop.org/0954-3899/28/i=10/a=313},
      doi            = "10.1088/0954-3899/28/10/313",
      year           = {2002}
}

@article{Cowan:2010js,
      author         = "Cowan, Glen and Cranmer, Kyle and Gross, Eilam and
                        Vitells, Ofer",
      title          = "{Asymptotic formulae for likelihood-based tests of new
                        physics}",
      journal        = "Eur. Phys. J. C",
      volume         = "71",
      year           = "2011",
      pages          = "1554",
      doi            = "10.1140/epjc/s10052-011-1554-0,
                        10.1140/epjc/s10052-013-2501-z",
      note           = "[Erratum: {\it Eur. Phys. J. C} {\bf 73} (2013) 2501]",
      eprint         = "1007.1727",
      archivePrefix  = "arXiv",
      primaryClass   = "physics.data-an",
      SLACcitation   = "%%CITATION = ARXIV:1007.1727;%%"
}

% Jet algorithms


@article{Cacciari:2007fd,
      author         = "Cacciari, Matteo and Salam, Gavin P.",
      title          = "{Pileup subtraction using jet areas}",
      journal        = "Phys. Lett.",
      volume         = "B659",
      year           = "2008",
      pages          = "119",
      doi            = "10.1016/j.physletb.2007.09.077",
      eprint         = "0707.1378",
      archivePrefix  = "arXiv",
      primaryClass   = "hep-ph",
      reportNumber   = "LPTHE-07-01",
      SLACcitation   = "%%CITATION = ARXIV:0707.1378;%%"
}


@article{Ellis:2009me,
      author         = "Ellis, Stephen D. and Vermilion, Christopher K. and
                        Walsh, Jonathan R.",
      title          = "{Recombination Algorithms and Jet Substructure: Pruning
                        as a Tool for Heavy Particle Searches}",
      journal        = "Phys. Rev. D",
      volume         = "81",
      year           = "2010",
      pages          = "094023",
      doi            = "10.1103/PhysRevD.81.094023",
      eprint         = "0912.0033",
      archivePrefix  = "arXiv",
      primaryClass   = "hep-ph",
      SLACcitation   = "%%CITATION = ARXIV:0912.0033;%%"
}

@article{Thaler:2010tr,
      author         = "Thaler, Jesse and Van Tilburg, Ken",
      title          = "{Identifying Boosted Objects with N-subjettiness}",
      journal        = "JHEP",
      volume         = "03",
      year           = "2011",
      pages          = "015",
      doi            = "10.1007/JHEP03(2011)015",
      eprint         = "1011.2268",
      archivePrefix  = "arXiv",
      primaryClass   = "hep-ph",
      reportNumber   = "MIT-CTP-4191",
      SLACcitation   = "%%CITATION = ARXIV:1011.2268;%%"
}

% Generators

@article{Alwall:2014hca,
      author         = "Alwall, J. and Frederix, R. and Frixione, S. and Hirschi,
                        V. and Maltoni, F. and Mattelaer, O. and Shao, H. -S. and
                        Stelzer, T. and Torrielli, P. and Zaro, M.",
      title          = "{The automated computation of tree-level and
                        next-to-leading order differential cross sections, and
                        their matching to parton shower simulations}",
      journal        = "JHEP",
      volume         = "07",
      year           = "2014",
      pages          = "079",
      doi            = "10.1007/JHEP07(2014)079",
      eprint         = "1405.0301",
      archivePrefix  = "arXiv",
      primaryClass   = "hep-ph",
      reportNumber   = "CERN-PH-TH-2014-064, CP3-14-18, LPN14-066, MCNET-14-09,
                        ZU-TH-14-14",
      SLACcitation   = "%%CITATION = ARXIV:1405.0301;%%"
}

@article{Frederix:2012ps,
      author         = "Frederix, Rikkert and Frixione, Stefano",
      title          = "{Merging meets matching in MC@NLO}",
      journal        = "JHEP",
      volume         = "12",
      year           = "2012",
      pages          = "061",
      doi            = "10.1007/JHEP12(2012)061",
      eprint         = "1209.6215",
      archivePrefix  = "arXiv",
      primaryClass   = "hep-ph",
      reportNumber   = "CERN-PH-TH-2012-247, ZU-TH-21-12",
      SLACcitation   = "%%CITATION = ARXIV:1209.6215;%%"
}

@article{Sjostrand:2014zea,
      author         = "Sj{\"o}strand, Torbj{\"o}rn and Ask, Stefan and Christiansen, Jesper R. and Corke, Richard and Desai, Nishita and Ilten, Philip and Mrenna, Stephen and Prestel, Stefan and Rasmussen, Christine O. and Skands, Peter Z.",
      title          = "{An Introduction to PYTHIA 8.2}",
      journal        = "Comput. Phys. Commun.",
      volume         = "191",
      year           = "2015",
      pages          = "159",
      doi            = "10.1016/j.cpc.2015.01.024",
      eprint         = "1410.3012",
      archivePrefix  = "arXiv",
      primaryClass   = "hep-ph",
      reportNumber   = "LU-TP-14-36, MCNET-14-22, CERN-PH-TH-2014-190,
                        FERMILAB-PUB-14-316-CD, DESY-14-178, SLAC-PUB-16122,
                        --FERMILAB-PUB-14-316-CD",
      SLACcitation   = "%%CITATION = ARXIV:1410.3012;%%"
}

@article{Ball:2014uwa,
      author         = "Ball, Richard D. and others",
      title          = "{Parton distributions for the LHC Run II}",
      collaboration  = "NNPDF",
      journal        = "JHEP",
      volume         = "04",
      year           = "2015",
      pages          = "040",
      doi            = "10.1007/JHEP04(2015)040",
      eprint         = "1410.8849",
      archivePrefix  = "arXiv",
      primaryClass   = "hep-ph",
      reportNumber   = "EDINBURGH-2014-15, IFUM-1034-FT, CERN-PH-TH-2013-253,
                        OUTP-14-11P, CAVENDISH-HEP-14-11",
      SLACcitation   = "%%CITATION = ARXIV:1410.8849;%%"
}
@article{Ball:2017nwa,
      author         = "Ball, Richard D. and others",
      title          = "{Parton distributions from high-precision collider data}",
      collaboration  = "NNPDF",
      journal        = "Eur. Phys. J.",
      volume         = "C77",
      year           = "2017",
      number         = "10",
      pages          = "663",
      doi            = "10.1140/epjc/s10052-017-5199-5",
      eprint         = "1706.00428",
      archivePrefix  = "arXiv",
      primaryClass   = "hep-ph",
      reportNumber   = "CAVENDISH-HEP-17-06, CERN-TH-2017-077, EDINBURGH-2017-08,
                        NIKHEF-2017-006, OUTP-17-04P, TIF-UNIMI-2017-3",
      SLACcitation   = "%%CITATION = ARXIV:1706.00428;%%"
}

@article{Oleari:2010nx,
      author         = "Oleari, Carlo",
      title          = "{The POWHEG-BOX}",
      booktitle      = "{Proceedings,  10th DESY Workshop on Elementary Particle
                        Theory: Loops and Legs in Quantum Field Theory}",
      journal        = "Nucl. Phys. Proc. Suppl.",
      volume         = "205-206",
      year           = "2010",
      pages          = "36",
      doi            = "10.1016/j.nuclphysbps.2010.08.016",
      eprint         = "1007.3893",
      archivePrefix  = "arXiv",
      primaryClass   = "hep-ph",
      SLACcitation   = "%%CITATION = ARXIV:1007.3893;%%"
}

@article{Gao:2010qx,
      author         = "Gao, Yanyan and Gritsan, Andrei V. and Guo, Zijin and
                        Melnikov, Kirill and Schulze, Markus and Tran, Nhan V.",
      title          = "{Spin determination of single-produced resonances at
                        hadron colliders}",
      journal        = "Phys. Rev.",
      volume         = "D81",
      year           = "2010",
      pages          = "075022",
      doi            = "10.1103/PhysRevD.81.075022",
      eprint         = "1001.3396",
      archivePrefix  = "arXiv",
      primaryClass   = "hep-ph",
      reportNumber   = "FERMILAB-PUB-10-011-E",
      SLACcitation   = "%%CITATION = ARXIV:1001.3396;%%"
}
@article{Bolognesi:2012mm,
      author         = "Bolognesi, Sara and Gao, Yanyan and Gritsan, Andrei V.
                        and Melnikov, Kirill and Schulze, Markus and Tran, Nhan V.
                        and Whitbeck, Andrew",
      title          = "{On the spin and parity of a single-produced resonance at
                        the LHC}",
      journal        = "Phys. Rev.",
      volume         = "D86",
      year           = "2012",
      pages          = "095031",
      doi            = "10.1103/PhysRevD.86.095031",
      eprint         = "1208.4018",
      archivePrefix  = "arXiv",
      primaryClass   = "hep-ph",
      reportNumber   = "ANL-HEP-PR-12-62, FERMILAB-PUB-12-475-PPD",
      SLACcitation   = "%%CITATION = ARXIV:1208.4018;%%"
}
@article{Anderson:2013afp,
      author         = "Anderson, Ian and Bolognesi, Sara and Caola, Fabrizio and
                        Gao, Yanyan and Gritsan, Andrei V. and others",
      title          = "{Constraining anomalous HVV interactions at proton and
                        lepton colliders}",
      journal        = "Phys.Rev.",
      volume         = "D89",
      pages          = "035007",
      doi            = "10.1103/PhysRevD.89.035007",
      year           = "2014",
      eprint         = "1309.4819",
      archivePrefix  = "arXiv",
      primaryClass   = "hep-ph",
      reportNumber   = "FERMILAB-PUB-13-386-PPD",
      SLACcitation   = "%%CITATION = ARXIV:1309.4819;%%",
}

@article{Backovic:2013dpa,
      author         = "Backovic, Mihailo and Kong, Kyoungchul and McCaskey,
                        Mathew",
      title          = "{MadDM v.1.0: Computation of Dark Matter Relic Abundance
                        Using MadGraph5}",
      journal        = "Phys. Dark Univ.",
      volume         = "5-6",
      pages          = "18",
      doi            = "10.1016/j.dark.2014.04.001",
      year           = "2014",
      eprint         = "1308.4955",
      archivePrefix  = "arXiv",
      primaryClass   = "hep-ph",
      SLACcitation   = "%%CITATION = ARXIV:1308.4955;%%",
}

@article{Khachatryan:2015pea,
      author         = "Khachatryan, Vardan and others",
      title          = "{Event generator tunes obtained from underlying event and
                        multiparton scattering measurements}",
      collaboration  = "CMS",
      journal        = "Eur. Phys. J. C",
      volume         = "76",
      year           = "2016",
      pages          = "155",
      doi            = "10.1140/epjc/s10052-016-3988-x",
      eprint         = "1512.00815",
      archivePrefix  = "arXiv",
      primaryClass   = "hep-ex",
      reportNumber   = "CMS-GEN-14-001, CERN-PH-EP-2015-291",
      SLACcitation   = "%%CITATION = ARXIV:1512.00815;%%"
}
@article{Sirunyan:2019dfx,
      author         = "Sirunyan, Albert M and others",
      title          = "Extraction and validation of a new set of {CMS PYTHIA8}
                        tunes from underlying-event measurements",
      collaboration  = "CMS",
      year           = "2019",
      eprint         = "1903.12179",
      archivePrefix  = "arXiv",
      primaryClass   = "hep-ex",
      reportNumber   = "CMS-GEN-17-001",
}
% NLO EWK corrections for V+jets

@article{Kuhn:2005gv,
      author         = "Kuhn, Johann H. and Kulesza, A. and Pozzorini, S. and
                        Schulze, M.",
      title          = "{Electroweak corrections to hadronic photon production at
                        large transverse momenta}",
      journal        = "JHEP",
      volume         = "03",
      year           = "2006",
      pages          = "059",
      doi            = "10.1088/1126-6708/2006/03/059",
      eprint         = "hep-ph/0508253",
      archivePrefix  = "arXiv",
      primaryClass   = "hep-ph",
      reportNumber   = "TTP05-16, SFB-CPP-05-44",
      SLACcitation   = "%%CITATION = HEP-PH/0508253;%%"
}
@article{Kallweit:2014xda,
      author         = "Kallweit, Stefan and Lindert, Jonas M. and Maierhöfer,
                        Philipp and Pozzorini, Stefano and Schönherr, Marek",
      title          = "{NLO electroweak automation and precise predictions for
                        W+multijet production at the LHC}",
      journal        = "JHEP",
      volume         = "04",
      year           = "2015",
      pages          = "012",
      doi            = "10.1007/JHEP04(2015)012",
      eprint         = "1412.5157",
      archivePrefix  = "arXiv",
      primaryClass   = "hep-ph",
      reportNumber   = "LPN14-127, IPPP-14-107, DCPT-14-214, MCNET-14-26,
                        ZU-TH-42-14, MITP-14-102, --MITP-14-102",
      SLACcitation   = "%%CITATION = ARXIV:1412.5157;%%"
}
@inproceedings{Kallweit:2015fta,
      author         = "Kallweit, Stefan and Lindert, Jonas M. and Pozzorini,
                        Stefano and Schönherr, Marek and Maierhöfer, Philipp",
      title          = "{NLO QCD+EW automation and precise predictions for
                        V+multijet production}",
      booktitle      = "{50th Rencontres de Moriond on QCD and High Energy
                        Interactions La Thuile, Italy, March 21-28, 2015}",
      url            = "http://inspirehep.net/record/1372103/files/arXiv:1505.05704.pdf",
      year           = "2015",
      eprint         = "1505.05704",
      archivePrefix  = "arXiv",
      primaryClass   = "hep-ph",
      reportNumber   = "DCPT-15-56, IPPP-15-28, MITP-15-037, ZU-TH-12-15",
      SLACcitation   = "%%CITATION = ARXIV:1505.05704;%%"
}


% Top pT reweighting

@article{Czakon:2015owf,
      author         = "Czakon, Michal and Heymes, David and Mitov, Alexander",
      title          = "{High-precision differential predictions for top-quark
                        pairs at the LHC}",
      journal        = "Phys. Rev. Lett.",
      volume         = "116",
      year           = "2016",
      pages          = "082003",
      doi            = "10.1103/PhysRevLett.116.082003",
      eprint         = "1511.00549",
      archivePrefix  = "arXiv",
      primaryClass   = "hep-ph",
      reportNumber   = "CAVENDISH-HEP-15-10, TTK-15-34",
      SLACcitation   = "%%CITATION = ARXIV:1511.00549;%%"
}


% LHC Higgs Cross-section Working Group

@misc{LHCHXSWG,
    author = {{LHC Higgs Cross Section Working Group}},
    howpublished = "\url{https://twiki.cern.ch/twiki/bin/view/LHCPhysics/LHCHXSWG}"
}


@article{Heinemeyer:2013tqa,
      author         = "Andersen, J R and others",
      editor         = "Heinemeyer, S and Mariotti, C and Passarino, G and
                        Tanaka, R",
      title          = "{Handbook of LHC Higgs Cross Sections: 3. Higgs
                        Properties}",
      collaboration  = "LHC Higgs Cross Section Working Group",
      doi            = "10.5170/CERN-2013-004",
      year           = "2013",
      eprint         = "1307.1347",
      archivePrefix  = "arXiv",
      primaryClass   = "hep-ph",
      reportNumber   = "CERN-2013-004, FERMILAB-CONF-13-667-T",
      SLACcitation   = "%%CITATION = ARXIV:1307.1347;%%"
}

% Dark matter theory and phenomenology

@article{Abercrombie:2015wmb,
      author         = "Abercrombie, Daniel and others",
      title          = "{Dark Matter Benchmark Models for Early LHC Run-2
                        Searches: Report of the ATLAS/CMS Dark Matter Forum}",
      year           = "2015",
      eprint         = "1507.00966",
      archivePrefix  = "arXiv",
      primaryClass   = "hep-ex",
      reportNumber   = "FERMILAB-PUB-15-282-CD",
      SLACcitation   = "%%CITATION = ARXIV:1507.00966;%%"
}

@article{Belanger:2001am,
      author         = "Belanger, G. and Boudjema, F. and Cottrant, A. and
                        Godbole, R. M. and Semenov, A.",
      title          = "{The MSSM invisible Higgs in the light of dark matter and
                        g-2}",
      journal        = "Phys. Lett.",
      volume         = "B519",
      year           = "2001",
      pages          = "93-102",
      doi            = "10.1016/S0370-2693(01)00976-5",
      eprint         = "hep-ph/0106275",
      archivePrefix  = "arXiv",
      primaryClass   = "hep-ph",
      reportNumber   = "LAPTH-856-2001, IISC-CTS-14-01",
      SLACcitation   = "%%CITATION = HEP-PH/0106275;%%"
}

@inproceedings{Battaglia:2004js,
      author         = "Battaglia, M. and Dominici, D. and Gunion, J. F. and
                        Wells, J. D.",
      title          = "{The Invisible Higgs decay width in the ADD model at the
                        LHC}",
      booktitle      = "{Physics at TeV colliders. Proceedings, Workshop, Les
                        Houches, France, May 26-June 3, 2003}",
      url            = "http://weblib.cern.ch/abstract?CERN-PH-TH-2004-018",
      year           = "2004",
      eprint         = "hep-ph/0402062",
      archivePrefix  = "arXiv",
      primaryClass   = "hep-ph",
      reportNumber   = "UCD-2004-18, LBNL-55457, CERN-PH-TH-2004-018, MCTP-04-05",
      SLACcitation   = "%%CITATION = HEP-PH/0402062;%%"
}

@article{Giudice:2000av,
      author         = "Giudice, Gian F. and Rattazzi, Riccardo and Wells, James
                        D.",
      title          = "{Graviscalars from higher dimensional metrics and
                        curvature Higgs mixing}",
      journal        = "Nucl. Phys.",
      volume         = "B595",
      year           = "2001",
      pages          = "250-276",
      doi            = "10.1016/S0550-3213(00)00686-6",
      eprint         = "hep-ph/0002178",
      archivePrefix  = "arXiv",
      primaryClass   = "hep-ph",
      reportNumber   = "CERN-TH-2000-051, SNS-PH-2000-03, UCD-2000-7, LBNL-45201,
                        LBL-45201",
      SLACcitation   = "%%CITATION = HEP-PH/0002178;%%"
}

@article{Ackermann:2015zua,
      author         = "Ackermann, M. and others",
      title          = "{Searching for Dark Matter Annihilation from Milky Way
                        Dwarf Spheroidal Galaxies with Six Years of Fermi Large
                        Area Telescope Data}",
      collaboration  = "Fermi-LAT",
      journal        = "Phys. Rev. Lett.",
      volume         = "115",
      year           = "2015",
      pages          = "231301",
      doi            = "10.1103/PhysRevLett.115.231301",
      eprint         = "1503.02641",
      archivePrefix  = "arXiv",
      primaryClass   = "astro-ph.HE",
      reportNumber   = "FERMILAB-PUB-15-081-AE",
      SLACcitation   = "%%CITATION = ARXIV:1503.02641;%%"
}

@article{Harris:2014hga,
      author         = "Harris, Philip and Khoze, Valentin V. and Spannowsky,
                        Michael and Williams, Ciaran",
      title          = "{Constraining Dark Sectors at Colliders: Beyond the
                        Effective Theory Approach}",
      journal        = "Phys. Rev. D",
      volume         = "91",
      year           = "2015",
      pages          = "055009",
      doi            = "10.1103/PhysRevD.91.055009",
      eprint         = "1411.0535",
      archivePrefix  = "arXiv",
      primaryClass   = "hep-ph",
      reportNumber   = "IPPP-14-94, DCPT-14-188",
      SLACcitation   = "%%CITATION = ARXIV:1411.0535;%%"
}

@article{Harris:2015kda,
      author         = "Harris, Philip and Khoze, Valentin V. and Spannowsky,
                        Michael and Williams, Ciaran",
      title          = "{Closing up on Dark Sectors at Colliders: from 14 to 100
                        TeV}",
      journal        = "Phys. Rev. D",
      volume         = "93",
      year           = "2016",
      pages          = "054030",
      doi            = "10.1103/PhysRevD.93.054030",
      eprint         = "1509.02904",
      archivePrefix  = "arXiv",
      primaryClass   = "hep-ph",
      reportNumber   = "IPPP-15-20, DCPT-15-36",
      SLACcitation   = "%%CITATION = ARXIV:1509.02904;%%"
}

@article{Malik:2014ggr,
      author         = "Malik, Sarah A. and others",
      title          = "{Interplay and Characterization of Dark Matter Searches
                        at Colliders and in Direct Detection Experiments}",
      journal        = "Phys. Dark Univ.",
      volume         = "9-10",
      year           = "2015",
      pages          = "51",
      doi            = "10.1016/j.dark.2015.03.003",
      eprint         = "1409.4075",
      archivePrefix  = "arXiv",
      primaryClass   = "hep-ex",
      reportNumber   = "KCL-PH-TH-2014-37, LCTS-2014-36, CERN-PH-TH-2014-180",
      SLACcitation   = "%%CITATION = ARXIV:1409.4075;%%"
}


@article{An:2012va,
      author         = "An, Haipeng and Ji, Xiangdong and Wang, Lian-Tao",
      title          = "{Light Dark Matter and $Z'$ Dark Force at Colliders}",
      journal        = "JHEP",
      volume         = "07",
      year           = "2012",
      pages          = "182",
      doi            = "10.1007/JHEP07(2012)182",
      eprint         = "1202.2894",
      archivePrefix  = "arXiv",
      primaryClass   = "hep-ph",
      reportNumber   = "PI-PARTPHYS-258, UMD-DOE-ER-40762-514",
      SLACcitation   = "%%CITATION = ARXIV:1202.2894;%%"
}

@article{An:2012ue,
      author         = "An, Haipeng and Huo, Ran and Wang, Lian-Tao",
      title          = "{Searching for Low Mass Dark Portal at the LHC}",
      journal        = "Phys. Dark Univ.",
      volume         = "2",
      year           = "2013",
      pages          = "50",
      doi            = "10.1016/j.dark.2013.03.002",
      eprint         = "1212.2221",
      archivePrefix  = "arXiv",
      primaryClass   = "hep-ph",
      reportNumber   = "EFI-12-34, PI-PARTPHYS-311",
      SLACcitation   = "%%CITATION = ARXIV:1212.2221;%%"
}

@article{DiFranzo:2013vra,
      author         = "DiFranzo, Anthony and Nagao, Keiko I. and Rajaraman,
                        Arvind and Tait, Tim M. P.",
      title          = "{Simplified Models for Dark Matter Interacting with
                        Quarks}",
      journal        = "JHEP",
      volume         = "11",
      year           = "2013",
      pages          = "014",
      doi            = "10.1007/JHEP11(2013)014, 10.1007/JHEP01(2014)162",
      note           = "[Erratum: {\it JHEP\/} {\bf 01} (2014) 162]",
      eprint         = "1308.2679",
      archivePrefix  = "arXiv",
      primaryClass   = "hep-ph",
      reportNumber   = "UCI-HEP-TR-2013-17, KEK-TH-1659",
      SLACcitation   = "%%CITATION = ARXIV:1308.2679;%%"
}

@article{Bai:2013iqa,
      author         = "Bai, Yang and Berger, Joshua",
      title          = "{Fermion Portal Dark Matter}",
      journal        = "JHEP",
      volume         = "11",
      year           = "2013",
      pages          = "171",
      doi            = "10.1007/JHEP11(2013)171",
      eprint         = "1308.0612",
      archivePrefix  = "arXiv",
      primaryClass   = "hep-ph",
      reportNumber   = "SLAC-PUB-15704",
      SLACcitation   = "%%CITATION = ARXIV:1308.0612;%%"
}

@article{Bai:2014osa,
      author         = "Bai, Yang and Berger, Joshua",
      title          = "{Lepton Portal Dark Matter}",
      journal        = "JHEP",
      volume         = "08",
      year           = "2014",
      pages          = "153",
      doi            = "10.1007/JHEP08(2014)153",
      eprint         = "1402.6696",
      archivePrefix  = "arXiv",
      primaryClass   = "hep-ph",
      reportNumber   = "SLAC-PUB-15912",
      SLACcitation   = "%%CITATION = ARXIV:1402.6696;%%"
}

@article{An:2013xka,
      author         = "An, Haipeng and Wang, Lian-Tao and Zhang, Hao",
      title          = "{Dark matter with $t$-channel mediator: a simple step
                        beyond contact interaction}",
      journal        = "Phys. Rev. D",
      volume         = "89",
      year           = "2014",
      pages          = "115014",
      doi            = "10.1103/PhysRevD.89.115014",
      eprint         = "1308.0592",
      archivePrefix  = "arXiv",
      primaryClass   = "hep-ph",
      reportNumber   = "IIT-CAPP-13-06, ANL-HEP-PR-13-38",
      SLACcitation   = "%%CITATION = ARXIV:1308.0592;%%"
}

@article{Abdallah:2014hon,
      author         = "Abdallah, Jalal and others",
      title          = "{Simplified Models for Dark Matter and Missing Energy
                        Searches at the LHC}",
      year           = "2014",
      eprint         = "1409.2893",
      archivePrefix  = "arXiv",
      primaryClass   = "hep-ph",
      reportNumber   = "FERMILAB-FN-0990-PPD",
      SLACcitation   = "%%CITATION = ARXIV:1409.2893;%%"
}

@article{Buckley:2014fba,
      author         = "Buckley, Matthew R. and Feld, David and Goncalves,
                        Dorival",
      title          = "{Scalar Simplified Models for Dark Matter}",
      journal        = "Phys. Rev. D",
      volume         = "91",
      year           = "2015",
      pages          = "015017",
      doi            = "10.1103/PhysRevD.91.015017",
      eprint         = "1410.6497",
      archivePrefix  = "arXiv",
      primaryClass   = "hep-ph",
      reportNumber   = "IPPP-14-92, DCPT-14-184",
      SLACcitation   = "%%CITATION = ARXIV:1410.6497;%%"
}

@article{Haisch:2015ioa,
      author         = "Haisch, Ulrich and Re, Emanuele",
      title          = "{Simplified dark matter top-quark interactions at the
                        LHC}",
      journal        = "JHEP",
      volume         = "06",
      year           = "2015",
      pages          = "078",
      doi            = "10.1007/JHEP06(2015)078",
      eprint         = "1503.00691",
      archivePrefix  = "arXiv",
      primaryClass   = "hep-ph",
      reportNumber   = "OUTP-15-02P, CERN-PH-TH-2015-201",
      SLACcitation   = "%%CITATION = ARXIV:1503.00691;%%"
}

@article{Carpenter:2012rg,
      author         = "Carpenter, Linda M. and Nelson, Andrew and Shimmin, Chase
                        and Tait, Tim M. P. and Whiteson, Daniel",
      title          = "{Collider searches for dark matter in events with a Z
                        boson and missing energy}",
      journal        = "Phys. Rev. D",
      volume         = "87",
      year           = "2013",
      pages          = "074005",
      doi            = "10.1103/PhysRevD.87.074005",
      eprint         = "1212.3352",
      archivePrefix  = "arXiv",
      primaryClass   = "hep-ex",
      reportNumber   = "UCI-HEP-TR-2012-21",
      SLACcitation   = "%%CITATION = ARXIV:1212.3352;%%"
}

@article{Bell:2012rg,
      author         = "Bell, Nicole F. and Dent, James B. and Galea, Ahmad J.
                        and Jacques, Thomas D. and Krauss, Lawrence M. and Weiler,
                        Thomas J.",
      title          = "{Searching for Dark Matter at the LHC with a Mono-Z}",
      journal        = "Phys. Rev. D",
      volume         = "86",
      year           = "2012",
      pages          = "096011",
      doi            = "10.1103/PhysRevD.86.096011",
      eprint         = "1209.0231",
      archivePrefix  = "arXiv",
      primaryClass   = "hep-ph",
      SLACcitation   = "%%CITATION = ARXIV:1209.0231;%%"
}

@article{Alwall:2008ag,
      author         = "Alwall, Johan and Schuster, Philip and Toro, Natalia",
      title          = "{Simplified Models for a First Characterization of New
                        Physics at the LHC}",
      journal        = "Phys. Rev. D",
      volume         = "79",
      year           = "2009",
      pages          = "075020",
      doi            = "10.1103/PhysRevD.79.075020",
      eprint         = "0810.3921",
      archivePrefix  = "arXiv",
      primaryClass   = "hep-ph",
      reportNumber   = "SLAC-PUB-13425, SU-ITP-08-24",
      SLACcitation   = "%%CITATION = ARXIV:0810.3921;%%"
}

@article{Goodman:2011jq,
      author         = "Goodman, Jessica and Shepherd, William",
      title          = "{LHC Bounds on UV-Complete Models of Dark Matter}",
      year           = "2011",
      eprint         = "1111.2359",
      archivePrefix  = "arXiv",
      primaryClass   = "hep-ph",
      reportNumber   = "UCI-HEP-TR-2011-22",
      SLACcitation   = "%%CITATION = ARXIV:1111.2359;%%"
}

@article{Alves:2011wf,
      author         = "Alves, Daniele",
      editor         = "Arkani-Hamed, Nima and Arora, Sanjay and Bai, Yang and
                        Baumgart, Matthew and Berger, Joshua and Buckley, Matthew
                        and Butler, Bart and Chang, Spencer and Cheng, Hsin-Chia
                        and Cheung, Clifford and others ",
      title          = "{Simplified Models for LHC New Physics Searches}",
      collaboration  = "LHC New Physics Working Group",
      journal        = "J. Phys. G",
      volume         = "39",
      year           = "2012",
      pages          = "105005",
      doi            = "10.1088/0954-3899/39/10/105005",
      eprint         = "1105.2838",
      archivePrefix  = "arXiv",
      primaryClass   = "hep-ph",
      reportNumber   = "SLAC-PUB-15045, FERMILAB-PUB-11-842-A-PPD",
      SLACcitation   = "%%CITATION = ARXIV:1105.2838;%%"
}

@article{Fox:2011pm,
      author         = "Fox, Patrick J. and Harnik, Roni and Kopp, Joachim and
                        Tsai, Yuhsin",
      title          = "{Missing Energy Signatures of Dark Matter at the LHC}",
      journal        = "Phys. Rev.",
      volume         = "D85",
      year           = "2012",
      pages          = "056011",
      doi            = "10.1103/PhysRevD.85.056011",
      eprint         = "1109.4398",
      archivePrefix  = "arXiv",
      primaryClass   = "hep-ph",
      reportNumber   = "FERMILAB-PUB-11-478-T",
      SLACcitation   = "%%CITATION = ARXIV:1109.4398;%%"
}

@article{Busoni:2013lha,
      author         = "Busoni, Giorgio and De Simone, Andrea and Morgante,
                        Enrico and Riotto, Antonio",
      title          = "{On the Validity of the Effective Field Theory for Dark
                        Matter Searches at the LHC}",
      journal        = "Phys. Lett. B",
      volume         = "728",
      year           = "2014",
      pages          = "412",
      doi            = "10.1016/j.physletb.2013.11.069",
      eprint         = "1307.2253",
      archivePrefix  = "arXiv",
      primaryClass   = "hep-ph",
      reportNumber   = "CERN-PH-TH-2013-151, SISSA-29-2013-FISI",
      SLACcitation   = "%%CITATION = ARXIV:1307.2253;%%"
}

@article{Cheung:2013pfa,
      author         = "Cheung, Kingman and Lu, Chih-Ting and Tseng, Po-Yan and
                        Yuan, Tzu-Chiang",
      title          = "{Collider Constraints on the Dark Matter Interpretation
                        of the CDMS II Results}",
      year           = "2013",
      eprint         = "1308.0067",
      archivePrefix  = "arXiv",
      primaryClass   = "hep-ph",
      SLACcitation   = "%%CITATION = ARXIV:1308.0067;%%"
}

@article{Buchmueller:2013dya,
      author         = "Buchmueller, O. and Dolan, Matthew J. and McCabe,
                        Christopher",
      title          = "{Beyond Effective Field Theory for Dark Matter Searches
                        at the LHC}",
      journal        = "JHEP",
      volume         = "01",
      year           = "2014",
      pages          = "025",
      doi            = "10.1007/JHEP01(2014)025",
      eprint         = "1308.6799",
      archivePrefix  = "arXiv",
      primaryClass   = "hep-ph",
      reportNumber   = "IPPP-13-63, DCPT-13-128",
      SLACcitation   = "%%CITATION = ARXIV:1308.6799;%%"
}

@article{Buchmueller:2014yoa,
      author         = "Buchmueller, Oliver and Dolan, Matthew J. and Malik,
                        Sarah A. and McCabe, Christopher",
      title          = "{Characterising dark matter searches at colliders and
                        direct detection experiments: Vector mediators}",
      journal        = "JHEP",
      volume         = "01",
      year           = "2015",
      pages          = "037",
      doi            = "10.1007/JHEP01(2015)037",
      eprint         = "1407.8257",
      archivePrefix  = "arXiv",
      primaryClass   = "hep-ph",
      reportNumber   = "IPPP-14-68, DCPT-14-136, SLAC-PUB-16033",
      SLACcitation   = "%%CITATION = ARXIV:1407.8257;%%"
}
@article{Buchmueller:2015eea,
      author         = "Buchmueller, Oliver and Malik, Sarah A. and McCabe,
                        Christopher and Penning, Bjoern",
      title          = "{Constraining the Fermi-LAT excess with multi-jet plus
                        MET collider searches}",
      year           = "2015",
      eprint         = "1505.07826",
      archivePrefix  = "arXiv",
      primaryClass   = "hep-ph",
      SLACcitation   = "%%CITATION = ARXIV:1505.07826;%%"
}

@article{Kurylov:2003ra,
      author         = "Kurylov, Andriy and Kamionkowski, Marc",
      title          = "{Generalized analysis of weakly interacting massive
                        particle searches}",
      journal        = "Phys. Rev.",
      volume         = "D69",
      year           = "2004",
      pages          = "063503",
      doi            = "10.1103/PhysRevD.69.063503",
      eprint         = "hep-ph/0307185",
      archivePrefix  = "arXiv",
      primaryClass   = "hep-ph",
      SLACcitation   = "%%CITATION = HEP-PH/0307185;%%"
}
@article{Hisano:2010ct,
      author         = "Hisano, Junji and Ishiwata, Koji and Nagata, Natsumi",
      title          = "{Gluon contribution to the dark matter direct detection}",
      journal        = "Phys. Rev.",
      volume         = "D82",
      year           = "2010",
      pages          = "115007",
      doi            = "10.1103/PhysRevD.82.115007",
      eprint         = "1007.2601",
      archivePrefix  = "arXiv",
      primaryClass   = "hep-ph",
      reportNumber   = "IPMU10-0113, ICRR-REPORT-570-2010-3",
      SLACcitation   = "%%CITATION = ARXIV:1007.2601;%%"
}


% Dark matter experiments

@article{Bennett:2003ba,
      author         = "Bennett, C.L. and others",
      title          = "{The Microwave Anisotropy Probe (MAP) mission}",
      collaboration  = "WMAP",
      journal        = "Astrophys.J.",
      volume         = "583",
      pages          = "1",
      doi            = "10.1086/345346",
      year           = "2003",
      eprint         = "astro-ph/0301158",
      archivePrefix  = "arXiv",
      primaryClass   = "astro-ph",
      SLACcitation   = "%%CITATION = ASTRO-PH/0301158;%%",
}
@article{Planck:2006aa,
      author         = "Tauber, J. and others",
      editor         = "Tauber, J.",
      title          = "{The Scientific programme of Planck}",
      collaboration  = "Planck",
      year           = "2006",
      eprint         = "astro-ph/0604069",
      archivePrefix  = "arXiv",
      primaryClass   = "astro-ph",
      reportNumber   = "ESA-SCI-2005-1, ESA-SCI(2005)1",
      SLACcitation   = "%%CITATION = ASTRO-PH/0604069;%%",
}

@article{Ade:2013zuv,
      author         = "Ade, P.A.R. and others",
      title          = "{Planck 2013 results. XVI. Cosmological parameters}",
      collaboration  = "Planck",
      journal        = "Astron. Astrophys.",
      volume         = "571",
      pages          = "A16",
      doi            = "10.1051/0004-6361/201321591",
      year           = "2014",
      eprint         = "1303.5076",
      archivePrefix  = "arXiv",
      primaryClass   = "astro-ph.CO",
      SLACcitation   = "%%CITATION = ARXIV:1303.5076;%%",
}

@article{Ade:2015xua,
      author         = "Ade, P. A. R. and others",
      title          = "{Planck 2015 results. XIII. Cosmological parameters}",
      collaboration  = "Planck",
      journal        = "Astron. Astrophys.",
      volume         = "594",
      year           = "2016",
      pages          = "A13",
      doi            = "10.1051/0004-6361/201525830",
      eprint         = "1502.01589",
      archivePrefix  = "arXiv",
      primaryClass   = "astro-ph.CO",
      SLACcitation   = "%%CITATION = ARXIV:1502.01589;%%"
}

@article{Amole:2015lsj,
      author         = "Amole, C. and others",
      title          = "{Dark Matter Search Results from the PICO-2L C$_3$F$_8$
                        Bubble Chamber}",
      collaboration  = "PICO",
      journal        = "Phys. Rev. Lett.",
      volume         = "114",
      year           = "2015",
      pages          = "231302",
      doi            = "10.1103/PhysRevLett.114.231302",
      eprint         = "1503.00008",
      archivePrefix  = "arXiv",
      primaryClass   = "astro-ph.CO",
      reportNumber   = "FERMILAB-PUB-14-456-AE-E",
      SLACcitation   = "%%CITATION = ARXIV:1503.00008;%%"
}
@article{Amole:2015pla,
      author         = "Amole, C. and others",
      title          = "{Dark matter search results from the PICO-60 CF$_3$I
                        bubble chamber}",
      collaboration  = "PICO",
      journal        = "Phys. Rev. D",
      volume         = "93",
      year           = "2016",
      pages          = "052014",
      doi            = "10.1103/PhysRevD.93.052014",
      eprint         = "1510.07754",
      archivePrefix  = "arXiv",
      primaryClass   = "hep-ex",
      reportNumber   = "FERMILAB-PUB-15-449-AE-E",
      SLACcitation   = "%%CITATION = ARXIV:1510.07754;%%"
}

@article{Amole:2016pye,
      author         = "Amole, C. and others",
      title          = "{Improved dark matter search results from PICO-2L Run 2}",
      collaboration  = "PICO",
      journal        = "Phys. Rev. D",
      volume         = "93",
      year           = "2016",
      pages          = "061101",
      doi            = "10.1103/PhysRevD.93.061101",
      eprint         = "1601.03729",
      archivePrefix  = "arXiv",
      primaryClass   = "astro-ph.CO",
      reportNumber   = "FERMILAB-PUB-16-028-AE-E-PPD",
      SLACcitation   = "%%CITATION = ARXIV:1601.03729;%%"
}

@article{Akerib:2013tjd,
      author         = "Akerib, D.S. and others",
      title          = "{First results from the LUX dark matter experiment at the
                        Sanford Underground Research Facility}",
      collaboration  = "LUX",
      journal        = "Phys.Rev.Lett.",
      volume         = "112",
      pages          = "091303",
      year           = "2014",
      eprint         = "1310.8214",
      archivePrefix  = "arXiv",
      primaryClass   = "astro-ph.CO",
      SLACcitation   = "%%CITATION = ARXIV:1310.8214;%%",
}

@article{Akerib:2015rjg,
      author         = "Akerib, D. S. and others",
      title          = "{Improved Limits on Scattering of Weakly Interacting
                        Massive Particles from Reanalysis of 2013 LUX Data}",
      collaboration  = "LUX",
      journal        = "Phys. Rev. Lett.",
      volume         = "116",
      year           = "2016",
      pages          = "161301",
      doi            = "10.1103/PhysRevLett.116.161301",
      eprint         = "1512.03506",
      archivePrefix  = "arXiv",
      primaryClass   = "astro-ph.CO",
      SLACcitation   = "%%CITATION = ARXIV:1512.03506;%%"
}

@article{Choi:2015ara,
      author         = "Choi, K. and others",
      title          = "{Search for neutrinos from annihilation of captured
                        low-mass dark matter particles in the Sun by
                        Super-Kamiokande}",
      collaboration  = "Super-Kamiokande",
      journal        = "Phys. Rev. Lett.",
      volume         = "114",
      year           = "2015",
      pages          = "141301",
      doi            = "10.1103/PhysRevLett.114.141301",
      eprint         = "1503.04858",
      archivePrefix  = "arXiv",
      primaryClass   = "hep-ex",
      SLACcitation   = "%%CITATION = ARXIV:1503.04858;%%"
}

@article{Aartsen:2016exj,
      author         = "Aartsen, M. G. and others",
      title          = "{Improved limits on dark matter annihilation in the Sun
                        with the 79-string IceCube detector and implications for
                        supersymmetry}",
      collaboration  = "IceCube",
      journal        = "JCAP",
      volume         = "04",
      year           = "2016",
      pages          = "022",
      doi            = "10.1088/1475-7516/2016/04/022",
      eprint         = "1601.00653",
      archivePrefix  = "arXiv",
      primaryClass   = "hep-ph",
      SLACcitation   = "%%CITATION = ARXIV:1601.00653;%%"
}

%     pages     = "2236-2239",
% [hep-ph/9811337]

@techreport{CMS-PAS-JME-16-004,
      title         = "{Performance of missing energy reconstruction in 13 TeV pp collision data using the CMS detector}",
      collaboration = "CMS",
      number        = "CMS-PAS-JME-16-004",
      year          = "2016",
      reportNumber  = "CMS-PAS-JME-16-004",
      type          = "CMS Physics Analysis Summary",
      url           = "https://cds.cern.ch/record/2205284",
}


@article{Bauer:2016gys,
      author         = "Bauer, Martin and others",
      title          = "{Towards the next generation of simplified Dark Matter
                        models}",
      year           = "2016",
      eprint         = "1607.06680",
      archivePrefix  = "arXiv",
      primaryClass   = "hep-ex",
      SLACcitation   = "%%CITATION = ARXIV:1607.06680;%%"                                                                                                                            
}

@article{Allahverdi:2013mza,
      author         = "Allahverdi, Rouzbeh and Dutta, Bhaskar",
      title          = "{Natural GeV Dark Matter and the Baryon-Dark Matter
                        Coincidence Puzzle}",
      journal        = "Phys. Rev.",
      volume         = "D88",
      year           = "2013",
      pages          = "023525",
      doi            = "10.1103/PhysRevD.88.023525",
      eprint         = "1304.0711",
      archivePrefix  = "arXiv",
      primaryClass   = "hep-ph",
      reportNumber   = "MIFPA-13-12",
      SLACcitation   = "%%CITATION = ARXIV:1304.0711;%%"
}


@article{bib:NonThDM_paper,
      author         = "Dutta, Bhaskar and Gao, Yu and Kamon, Teruki",
      title          = "{Probing Light Nonthermal Dark Matter at the LHC}",
      journal        = "Phys. Rev. D",
      volume         = "89",
      year           = "2014",
      pages          = "096009",
      doi            = "10.1103/PhysRevD.89.096009",
      eprint         = "1401.1825",
      archivePrefix  = "arXiv",
      primaryClass   = "hep-ph",
      reportNumber   = "MIFPA-14-01",
      SLACcitation   = "%%CITATION = ARXIV:1401.1825;%%"
}

@article{fermionportal_ref1,
      author         = "Bai, Yang and Berger, Joshua",
      title          = "{Fermion Portal Dark Matter}",
      journal        = "JHEP",
      volume         = "11",
      year           = "2013",
      pages          = "171",
      doi            = "10.1007/JHEP11(2013)171",
      eprint         = "1308.0612",
      archivePrefix  = "arXiv",
      primaryClass   = "hep-ph",
      reportNumber   = "SLAC-PUB-15704",
      SLACcitation   = "%%CITATION = ARXIV:1308.0612;%%"
}

@article{Khachatryan:2015cwa,
      author         = "Khachatryan, Vardan and others",
      title          = "{Search for a Higgs boson in the mass range from 145 to
                        1000 GeV decaying to a pair of W or Z bosons}",
      collaboration  = "CMS",
      journal        = "JHEP",
      volume         = "10",
      year           = "2015",
      pages          = "144",
      doi            = "10.1007/JHEP10(2015)144",
      eprint         = "1504.00936",
      archivePrefix  = "arXiv",
      primaryClass   = "hep-ex",
      reportNumber   = "CMS-HIG-13-031, CERN-PH-EP-2015-074",
      SLACcitation   = "%%CITATION = ARXIV:1504.00936;%%"
}

@article{Akerib:2016vxi,
      author         = "Akerib, D. S. and others",
      title          = "{Results from a search for dark matter in the complete
                        LUX exposure}",
      collaboration  = "LUX",
      journal        = "Phys. Rev. Lett.",
      volume         = "118",
      year           = "2017",
      pages          = "021303",
      doi            = "10.1103/PhysRevLett.118.021303",
      eprint         = "1608.07648",
      archivePrefix  = "arXiv",
      primaryClass   = "astro-ph.CO",
      SLACcitation   = "%%CITATION = ARXIV:1608.07648;%%"
}
@article{Tan:2016zwf,
      author         = "Tan, Andi and others",
      title          = "{Dark Matter Results from First 98.7 Days of Data from
                        the PandaX-II Experiment}",
      collaboration  = "PandaX-II",
      journal        = "Phys. Rev. Lett.",
      volume         = "117",
      year           = "2016",
      pages          = "121303",
      doi            = "10.1103/PhysRevLett.117.121303",
      eprint         = "1607.07400",
      archivePrefix  = "arXiv",
      primaryClass   = "hep-ex",
      SLACcitation   = "%%CITATION = ARXIV:1607.07400;%%"
}

@article{Haisch:2012kf,
      author         = "Haisch, Ulrich and Kahlhoefer, Felix and Unwin, James",
      title          = "{The impact of heavy-quark loops on LHC dark matter
                        searches}",
      journal        = "JHEP",
      volume         = "07",
      year           = "2013",
      pages          = "125",
      doi            = "10.1007/JHEP07(2013)125",
      eprint         = "1208.4605",
      archivePrefix  = "arXiv",
      primaryClass   = "hep-ph",
      reportNumber   = "OUTP-12-15P",
      SLACcitation   = "%%CITATION = ARXIV:1208.4605;%%"
}

@article{Berlin:2014tja,
      author         = "Berlin, Asher and Hooper, Dan and McDermott, Samuel D.",
      title          = "{Simplified Dark Matter Models for the Galactic Center
                        Gamma-Ray Excess}",
      journal        = "Phys. Rev. D",
      volume         = "89",
      year           = "2014",
      pages          = "115022",
      doi            = "10.1103/PhysRevD.89.115022",
      eprint         = "1404.0022",
      archivePrefix  = "arXiv",
      primaryClass   = "hep-ph",
      reportNumber   = "FERMILAB-PUB-14-060-A, MCTP-14-07",
      SLACcitation   = "%%CITATION = ARXIV:1404.0022;%%"
}
@techreport{CMS-NOTE-2017-001,
      title         = "{Simplified likelihood for the re-interpretation of public CMS results}",
      collaboration = "CMS",
      number        = "CMS-NOTE-2017-001",
      year          = "2017",
      type          = "CMS Note",
      reportNumber  = "CMS-NOTE-2017-001",
      url           = "https://cds.cern.ch/record/2242860",
}

@article{Boveia:2016mrp,
      author         = "Busoni, Giorgio and others",
      editor         = "Boveia, Antonio and Buchmueller, Oliver and Doglioni,
                        Caterina and Hahn, Kristian and Haisch, Ulrich and
                        Kahlhoefer, Felix and Mangano, Michelangelo and McCabe,
                        Christopher and Tait, Tim M. P.",
      title          = "{Recommendations on presenting LHC searches for missing
                        transverse energy signals using simplified $s$-channel
                        models of dark matter}",
      year           = "2016",
      eprint         = "1603.04156",
      archivePrefix  = "arXiv",
      primaryClass   = "hep-ex",
      reportNumber   = "CERN-LPCC-2016-001, FERMILAB-FN-1009-CD",
      SLACcitation   = "%%CITATION = ARXIV:1603.04156;%%"
}

@article{Behnke:2016lsk,
      author         = "Behnke, E. and others",
      title          = "{Final Results of the PICASSO Dark Matter Search
                        Experiment}",
      journal        = "Astropart. Phys.",
      volume         = "90",
      year           = "2017",
      pages          = "85",
      doi            = "10.1016/j.astropartphys.2017.02.005",
      eprint         = "1611.01499",
      archivePrefix  = "arXiv",
      primaryClass   = "hep-ex",
      SLACcitation   = "%%CITATION = ARXIV:1611.01499;%%"
}

@article{Boughezal:2016isb,
      author         = "Boughezal, Radja and Liu, Xiaohui and Petriello, Frank",
      title          = "{Phenomenology of the Z-boson plus jet process at NNLO}",
      journal        = "Phys. Rev. D",
      volume         = "94",
      year           = "2016",
      pages          = "074015",
      doi            = "10.1103/PhysRevD.94.074015",
      eprint         = "1602.08140",
      archivePrefix  = "arXiv",
      primaryClass   = "hep-ph",
      SLACcitation   = "%%CITATION = ARXIV:1602.08140;%%"
}

@article{Ridder:2016nkl,
      author         = "Gehrmann-De Ridder, Aude and Gehrmann, T. and Glover, E.
                        W. N. and Huss, A. and Morgan, T. A.",
      title          = "{The NNLO QCD corrections to Z boson production at large
                        transverse momentum}",
      journal        = "JHEP",
      volume         = "07",
      year           = "2016",
      pages          = "133",
      doi            = "10.1007/JHEP07(2016)133",
      eprint         = "1605.04295",
      archivePrefix  = "arXiv",
      primaryClass   = "hep-ph",
      reportNumber   = "IPPP-16-39, NSF-KITP-16-067, ZU-TH-18-16",
      SLACcitation   = "%%CITATION = ARXIV:1605.04295;%%"
}

@article{Boughezal:2016dtm,
      author         = "Boughezal, Radja and Liu, Xiaohui and Petriello, Frank",
      title          = "{W-boson plus jet differential distributions at NNLO in
                        QCD}",
      journal        = "Phys. Rev. D",
      volume         = "94",
      year           = "2016",
      pages          = "113009",
      doi            = "10.1103/PhysRevD.94.113009",
      eprint         = "1602.06965",
      archivePrefix  = "arXiv",
      primaryClass   = "hep-ph",
      SLACcitation   = "%%CITATION = ARXIV:1602.06965;%%"
}

@article{Ridder:2015dxa,
      author         = "Gehrmann-De Ridder, A. and Gehrmann, T. and Glover, E. W.
                        N. and Huss, A. and Morgan, T. A.",
      title          = "{Precise QCD predictions for the production of a Z boson
                        in association with a hadronic jet}",
      journal        = "Phys. Rev. Lett.",
      volume         = "117",
      year           = "2016",
      pages          = "022001",
      doi            = "10.1103/PhysRevLett.117.022001",
      eprint         = "1507.02850",
      archivePrefix  = "arXiv",
      primaryClass   = "hep-ph",
      reportNumber   = "IPPP-15-44, ZU-TH-23-15",
      SLACcitation   = "%%CITATION = ARXIV:1507.02850;%%"
}

@article{Campbell:2016lzl,
      author         = "Campbell, John M. and Ellis, R. Keith and Williams,
                        Ciaran",
      title          = "{Direct Photon Production at Next-to-Next-to-Leading
                        Order}",
      year           = "2016",
      eprint         = "1612.04333",
      archivePrefix  = "arXiv",
      primaryClass   = "hep-ph",
      reportNumber   = "IPPP-16-115, FERMILAB-PUB-16-585-T",
      SLACcitation   = "%%CITATION = ARXIV:1612.04333;%%"
}

@article{Denner:2011vu,
      author         = "Denner, Ansgar and Dittmaier, Stefan and Kasprzik, Tobias
                        and Muck, Alexander",
      title          = "{Electroweak corrections to dilepton + jet production at
                        hadron colliders}",
      journal        = "JHEP",
      volume         = "06",
      year           = "2011",
      pages          = "069",
      doi            = "10.1007/JHEP06(2011)069",
      eprint         = "1103.0914",
      archivePrefix  = "arXiv",
      primaryClass   = "hep-ph",
      SLACcitation   = "%%CITATION = ARXIV:1103.0914;%%"
}

@article{Denner:2009gj,
      author         = "Denner, Ansgar and Dittmaier, Stefan and Kasprzik, Tobias
                        and Muck, Alexander",
      title          = "{Electroweak corrections to W + jet hadroproduction
                        including leptonic W-boson decays}",
      journal        = "JHEP",
      volume         = "08",
      year           = "2009",
      pages          = "075",
      doi            = "10.1088/1126-6708/2009/08/075",
      eprint         = "0906.1656",
      archivePrefix  = "arXiv",
      primaryClass   = "hep-ph",
      reportNumber   = "MPP-2009-72, PSI-PR-09-08",
      SLACcitation   = "%%CITATION = ARXIV:0906.1656;%%"
}

@article{Campbell:2017dqk,
      author         = "Campbell, John M. and Ellis, R. Keith and Williams,
                        Ciaran",
      title          = "{Driving Miss Data: Going Up a Gear to NNLO}",
      year           = "2017",
      eprint         = "1703.10109",
      archivePrefix  = "arXiv",
      primaryClass   = "hep-ph",
      reportNumber   = "PPP-17-25, IPPP-17-25, FERMILAB-PUB-17-085-T",
      SLACcitation   = "%%CITATION = ARXIV:1703.10109;%%"
}

@article{Kallweit:2015dum,
      author         = "Kallweit, Stefan and Lindert, Jonas M. and Maierhofer,
                        Philipp and Pozzorini, Stefano and Schönherr, Marek",
      title          = "{NLO QCD+EW predictions for V + jets including off-shell
                        vector-boson decays and multijet merging}",
      journal        = "JHEP",
      volume         = "04",
      year           = "2016",
      pages          = "021",
      doi            = "10.1007/JHEP04(2016)021",
      eprint         = "1511.08692",
      archivePrefix  = "arXiv",
      primaryClass   = "hep-ph",
      reportNumber   = "DCPT-15-140, FR-PHENO-2015-014, IPPP-15-70, MCNET-15-23,
                        MITP-15-108, ZU-TH-41-15, --MITP-15-108",
      SLACcitation   = "%%CITATION = ARXIV:1511.08692;%%"
}


@article{Denner:2012ts,
      author         = "Denner, Ansgar and Dittmaier, Stefan and Kasprzik, Tobias
                        and Mück, Alexander",
      title          = "{Electroweak corrections to monojet production at the
                        LHC}",
      journal        = "Eur. Phys. J. C",
      volume         = "73",
      year           = "2013",
      pages          = "2297",
      doi            = "10.1140/epjc/s10052-013-2297-x",
      eprint         = "1211.5078",
      archivePrefix  = "arXiv",
      primaryClass   = "hep-ph",
      SLACcitation   = "%%CITATION = ARXIV:1211.5078;%%"
}

@article{Kuhn:2007cv,
      author         = "Kuhn, Johann H. and Kulesza, A. and Pozzorini, S. and
                        Schulze, M.",
      title          = "{Electroweak corrections to hadronic production of W
                        bosons at large transverse momenta}",
      journal        = "Nucl. Phys. B",
      volume         = "797",
      year           = "2008",
      pages          = "27",
      doi            = "10.1016/j.nuclphysb.2007.12.029",
      eprint         = "0708.0476",
      archivePrefix  = "arXiv",
      primaryClass   = "hep-ph",
      reportNumber   = "TTP07-19, SFB-CPP-07-43, MPP-2007-102, DESY-07-112",
      SLACcitation   = "%%CITATION = ARXIV:0708.0476;%%"
}

@article{Kuhn:2005az,
      author         = "Kuhn, Johann H. and Kulesza, A. and Pozzorini, S. and
                        Schulze, M.",
      title          = "{One-loop weak corrections to hadronic production of Z
                        bosons at large transverse momenta}",
      journal        = "Nucl. Phys. B",
      volume         = "727",
      year           = "2005",
      pages          = "368",
      doi            = "10.1016/j.nuclphysb.2005.08.019",
      eprint         = "hep-ph/0507178",
      archivePrefix  = "arXiv",
      primaryClass   = "hep-ph",
      reportNumber   = "TTP05-10, SFB-CPP-05-30",
      SLACcitation   = "%%CITATION = HEP-PH/0507178;%%"
}

@article{Kuhn:2004em,
      author         = "Kuhn, Johann H. and Kulesza, A. and Pozzorini, S. and
                        Schulze, M.",
      title          = "{Logarithmic electroweak corrections to hadronic Z+1 jet
                        production at large transverse momentum}",
      journal        = "Phys. Lett. B",
      volume         = "609",
      year           = "2005",
      pages          = "277",
      doi            = "10.1016/j.physletb.2005.01.059",
      eprint         = "hep-ph/0408308",
      archivePrefix  = "arXiv",
      primaryClass   = "hep-ph",
      reportNumber   = "TTP04-18, SFB-CPP-04-32",
      SLACcitation   = "%%CITATION = HEP-PH/0408308;%%"
}

@article{Backovic:2015soa,
      author         = "Backović, Mihailo and Krämer, Michael and Maltoni,
                        Fabio and Martini, Antony and Mawatari, Kentarou and
                        Pellen, Mathieu",
      title          = "{Higher-order QCD predictions for dark matter production
                        at the LHC in simplified models with s-channel mediators}",
      journal        = "Eur. Phys. J. C",
      volume         = "75",
      year           = "2015",
      pages          = "482",
      doi            = "10.1140/epjc/s10052-015-3700-6",
      eprint         = "1508.05327",
      archivePrefix  = "arXiv",
      primaryClass   = "hep-ph",
      reportNumber   = "MCNET-15-24, CP3-15-25, TTK-15-19",
      SLACcitation   = "%%CITATION = ARXIV:1508.05327;%%"
}
@article{Ellis:2009su,
      author         = "Ellis, Stephen D. and Vermilion, Christopher K. and
                        Walsh, Jonathan R.",
      title          = "{Techniques for improved heavy particle searches with jet
                        substructure}",
      journal        = "Phys. Rev. D",
      volume         = "80",
      year           = "2009",
      pages          = "051501",
      doi            = "10.1103/PhysRevD.80.051501",
      eprint         = "0903.5081",
      archivePrefix  = "arXiv",
      primaryClass   = "hep-ph",
      SLACcitation   = "%%CITATION = ARXIV:0903.5081;%%"
}
@inproceedings{Alexander:2016aln,
      author         = "Alexander, Jim and others",
      title          = "{Dark Sectors 2016 Workshop: Community Report}",
      url            = "https://inspirehep.net/record/1484628/files/arXiv:1608.08632.pdf",
      year           = "2016",
      eprint         = "1608.08632",
      archivePrefix  = "arXiv",
      primaryClass   = "hep-ph",
      reportNumber   = "FERMILAB-CONF-16-421",
      SLACcitation   = "%%CITATION = ARXIV:1608.08632;%%"
}


@Techreport{CMS-TDR-15-02,
      AUTHOR      = "{CMS Collaboration}",
      COLLABORATION = "{CMS}",
      institution    = "CERN",
      TITLE       = "Technical proposal for the Phase-II upgrade
                     of the Compact Muon Solenoid",
      URL         = "http://cds.cern.ch/record/2020886",
      TYPE        = "CMS Technical proposal",
      NUMBER      = "CERN-LHCC-2015-010, CMS-TDR-15-02",
      YEAR        = "2015"
}

@article{Cacciari:2011ma,
      author         = "Cacciari, Matteo and Salam, Gavin P. and Soyez, Gregory",
      title          = "{FastJet user manual}",
      journal        = "Eur. Phys. J. C",
      volume         = "72",
      pages          = "1896",
      doi            = "10.1140/epjc/s10052-012-1896-2",
      year           = "2012",
      eprint         = "1111.6097",
      archivePrefix  = "arXiv",
      primaryClass   = "hep-ph",
      reportNumber   = "CERN-PH-TH-2011-297",
      SLACcitation   = "%%CITATION = ARXIV:1111.6097;%%",
}

@unpublished{CMS-PRF-14-001,
      author         = "Sirunyan, A. M. and others",
      title          = "Particle-flow reconstruction and global event description with the CMS detector",
      collaboration  = "CMS",
      year           = "2017",
      eprint         = "1706.04965",
      archivePrefix  = "arXiv",
      primaryClass   = "physics.ins-det",
      reportNumber   = "CMS-PRF-14-001, CERN-EP-2017-110",
      SLACcitation   = "%%CITATION = ARXIV:1706.04965;%%",
      note           = "Submitted to {\it JINST.}"
}

@article{Khachatryan:2016kdb,
      author         = "Khachatryan, Vardan and others",
      title          = "{Jet energy scale and resolution in the CMS experiment in
                           pp collisions at 8 TeV}",
      collaboration  = "CMS",
      journal        = "JINST",
      volume         = "12",
      year           = "2017",
      pages          = "P02014",
      doi            = "10.1088/1748-0221/12/02/P02014",
      eprint         = "1607.03663",
      archivePrefix  = "arXiv",
      primaryClass   = "hep-ex",
      reportNumber   = "CMS-JME-13-004, CERN-PH-EP-2015-305",
      SLACcitation   = "%%CITATION = ARXIV:1607.03663;%%"
}

@techreport{CMS-PAS-JME-09-011,
      title         = "{A Cambridge-Aachen (C-A) based Jet Algorithm for boosted
                       top-jet tagging}",
      institution   = "CERN",
      collaboration = "CMS Collaboration",
      address       = "Geneva",
      number        = "CMS-PAS-JME-09-001",
      month         = "Jul",
      year          = "2009",
      reportNumber  = "CMS-PAS-JME-09-001",
      url           = "https://cds.cern.ch/record/1194489",
}

@article{Aad:2014iia,
      author         = "Aad, Georges and others",
      title          = "{Search for Invisible Decays of a Higgs Boson Produced in
                        Association with a Z Boson in ATLAS}",
      collaboration  = "ATLAS",
      journal        = "Phys. Rev. Lett.",
      volume         = "112",
      year           = "2014",
      pages          = "201802",
      doi            = "10.1103/PhysRevLett.112.201802",
      eprint         = "1402.3244",
      archivePrefix  = "arXiv",
      primaryClass   = "hep-ex",
      reportNumber   = "CERN-PH-EP-2013-210",
      SLACcitation   = "%%CITATION = ARXIV:1402.3244;%%"
}

@article{Khachatryan:2016whc,
      author         = "Khachatryan, Vardan and others",
      title          = "{Searches for invisible decays of the Higgs boson in pp
                        collisions at sqrt(s) = 7, 8, and 13 TeV}",
      collaboration  = "CMS",
      journal        = "JHEP",
      volume         = "02",
      year           = "2017",
      pages          = "135",
      doi            = "10.1007/JHEP02(2017)135",
      eprint         = "1610.09218",
      archivePrefix  = "arXiv",
      primaryClass   = "hep-ex",
      reportNumber   = "CMS-HIG-16-016, CERN-EP-2016-240",
      SLACcitation   = "%%CITATION = ARXIV:1610.09218;%%"
}

@article{Bertone:2004pz,
      author         = "Bertone, Gianfranco and Hooper, Dan and Silk, Joseph",
      title          = "{Particle dark matter: Evidence, candidates and
                        constraints}",
      journal        = "Phys. Rept.",
      volume         = "405",
      year           = "2005",
      pages          = "279-390",
      doi            = "10.1016/j.physrep.2004.08.031",
      eprint         = "hep-ph/0404175",
      archivePrefix  = "arXiv",
      primaryClass   = "hep-ph",
      reportNumber   = "FERMILAB-PUB-04-047-A",
      SLACcitation   = "%%CITATION = HEP-PH/0404175;%%"
}
@article{Khachatryan:2015hwa,
      author         = "Khachatryan, Vardan and others",
      title          = "{Performance of electron reconstruction and selection
                        with the CMS detector in proton-proton collisions at
                        $\sqrt{s} = 8$\TeV}",
      collaboration  = "CMS",
      journal        = "JINST",
      volume         = "10",
      pages          = "P06005",
      doi            = "10.1088/1748-0221/10/06/P06005",
      year           = "2015",
      eprint         = "1502.02701",
      archivePrefix  = "arXiv",
      primaryClass   = "physics.ins-det",
      reportNumber   = "CMS-EGM-13-001, CERN-PH-EP-2015-004",
      SLACcitation   = "%%CITATION = ARXIV:1502.02701;%%",
}
@article{CMS:EGM-14-001,
      author         = "Khachatryan, Vardan and others",
      title          = "{Performance of photon reconstruction and identification 
                         with the CMS detector in proton-proton collisions at 
                         $\sqrt{s} = 8$\TeV}",
      collaboration  = "CMS",
      journal        = "JINST",
      volume         = "10",
      pages          = "P08010",
      doi            = "10.1088/1748-0221/10/08/P08010",
      year           = "2015",
      eprint         = "1502.02702",
      archivePrefix  = "arXiv",
      primaryClass   = "physics.ins-det",
      reportNumber   = "CMS-EGM-14-001, CERN-PH-EP-2015-006",
      SLACcitation   = "%%CITATION = ARXIV:1502.02702;%%",
}


@misc{pileup_twiki,
  author = {{CMS Lumi POG}},
  howpublished = "\url{https://twiki.cern.ch/twiki/bin/view/CMS/PileupJSONFileforData#Pileup_JSON_Files_For_Run_II}"
}

@misc{muonPOG_tag_and_probe_twiki,
author = {{CMS Muon POG}},
howpublished = "\url{https://twiki.cern.ch/twiki/bin/view/CMS/MuonWorkInProgressAndPagResults}"
}
@misc{CMS-BTV-TWIKI-BTAGWP,
  author = {{CMS BTV POG}},
  howpublished = "\url{https://twiki.cern.ch/twiki/bin/viewauth/CMS/BtagRecommendation74X}"
}

@misc{CMS-MUO-TWIKI-IDLOOSE,
  author = {{CMS Muon POG}},
  howpublished = "\url{https://twiki.cern.ch/twiki/bin/view/CMS/SWGuideMuonIdRun2#Loose\_Muon}"
}

@misc{CMS-MUO-TWIKI-IDTIGHT,
  author = {{CMS Muon POG}},
  howpublished = "\url{https://twiki.cern.ch/twiki/bin/view/CMS/SWGuideMuonIdRun2#Tight\_Muon}"
}
@misc{CMS-MUO-TWIKI-SF,
  author = {{CMS Muon POG}},
  howpublished = "\url{https://twiki.cern.ch/twiki/bin/view/CMS/MuonReferenceSelectionAndCalibrationsRun2}"
}

@misc{CMS-EGM-TWIKI-ELEID,
  author = {{CMS EGamma POG}},
  howpublished = "\url{https://twiki.cern.ch/twiki/bin/viewauth/CMS/CutBasedElectronIdentificationRun2#Spring15\_selection\_25ns}"
}

@misc{CMS-EGM-TWIKI-ELERECIPIES,
  author = {{CMS EGamma POG}},
  howpublished = "\url{https://twiki.cern.ch/twiki/bin/view/CMS/EgammaIDRecipesRun2}"
}
@misc{CMS-EGM-TWIKI-HLT,
  author = {{CMS EGamma POG}},
  title = {{EgHLTRunIISummary}},
  howpublished = "\url{https://twiki.cern.ch/twiki/bin/view/CMS/EgHLTRunIISummary}"
}

@misc{CMS-EGM-TWIKI-GAMID,
  author = {{CMS EGamma POG}},
  howpublished = "\url{https://twiki.cern.ch/twiki/bin/viewauth/CMS/CutBasedPhotonIdentificationRun2#SPRING15\_selections\_bunch\_crossi}"
}
@misc{CMS-JME-TWIKI-FILTER,
  author = {{CMS JME POG}},
  howpublished = "\url{https://twiki.cern.ch/twiki/bin/view/CMS/MissingETOptionalFiltersRun2}"
}

@misc{taupog_twiki,
      author = {{tau-POG}},
      howpublished   = "\url{https://twiki.cern.ch/twiki/bin/view/CMS/TauIDRecommendation13TeV#Measurement_in_Z_tautau_events}"
}
@misc{AN-10-204,
      title         = "{QCD background prediction by factorization for all-hadronic SUSY searches}",
      author        = "Torben Schum and Christian Autermann and Christian Sander and Peter Schleper",
      institution   = "CERN",
      note          = "CMS Analysis Note : AN-10-204",
      year          = "2010",
      url           = "http://cms.cern.ch/iCMS/jsp/openfile.jsp?tp=draft\&files=AN2010_204_v4.pdf",
}
@misc{AN-2017-203,
      title         = "{Measurements of differential Z boson production cross sections in pp collisions at 13 TeV}",
      author        = "MIT Group",
      institution   = "CERN",
      note          = "CMS Analysis Note : AN-17-203",
      year          = "2017",
      url           = "http://cms.cern.ch/iCMS/jsp/openfile.jsp?tp=draft\&files=AN2017_203_v4.pdf",
}
@misc{AN-2017-267,
      title = "Search for VBF Higgs boson decays to invisible particles with 2016 dataset",
      authors = "Abercrombie, Daniel and others",
      institution   = "CERN",
      note          = "CMS Analysis Note : AN-17-267",
      year          = "2017"
      url = "http://cms.cern.ch/iCMS/jsp/openfile.jsp?tp=draft&files=AN2017_267_v4.pdf"
      }

@article{Sirunyan:2017jix,
      author         = "Sirunyan, A. M. and others",
      title          = "{Search for new physics in final states with an energetic
                        jet or a hadronically decaying $W$ or $Z$ boson and
                        transverse momentum imbalance at $\sqrt{s}=13\text{
                        }\text{ }\mathrm{TeV}$}",
      collaboration  = "CMS",
      journal        = "Phys. Rev.",
      volume         = "D97",
      year           = "2018",
      number         = "9",
      pages          = "092005",
      doi            = "10.1103/PhysRevD.97.092005",
      eprint         = "1712.02345",
      archivePrefix  = "arXiv",
      primaryClass   = "hep-ex",
      reportNumber   = "CMS-EXO-16-048, CERN-EP-2017-294",
      SLACcitation   = "%%CITATION = ARXIV:1712.02345;%%"
}

@article{Aaboud:2017phn,
      author         = "Aaboud, M. and others",
      title          = "{Search for dark matter and other new phenomena in events
                        with an energetic jet and large missing transverse
                        momentum using the ATLAS detector}",
      collaboration  = "ATLAS",
      journal        = "JHEP",
      volume         = "01",
      year           = "2018",
      pages          = "126",
      doi            = "/10.1007/JHEP01(2018)126",
      eprint         = "1711.03301",
      archivePrefix  = "arXiv",
      primaryClass   = "hep-ex",
      reportNumber   = "CERN-EP-2017-230",
      SLACcitation   = "%%CITATION = ARXIV:1711.03301;%%"
}
@article{Sirunyan:2019kia,
      author         = "Sirunyan, Albert M and others",
      title          = "{Performance of missing transverse momentum
                        reconstruction in proton-proton collisions at $\sqrt{s} =$
                        13 TeV using the CMS detector}",
      collaboration  = "CMS",
      journal        = "Submitted to: JINST",
      year           = "2019",
      eprint         = "1903.06078",
      archivePrefix  = "arXiv",
      primaryClass   = "hep-ex",
      reportNumber   = "CMS-JME-17-001, CERN-EP-2018-335",
      SLACcitation   = "%%CITATION = ARXIV:1903.06078;%%"
}

@techreport{2017wyc,
      title          = "{Jet algorithms performance in 13\TeV data}",
      collaboration  = "CMS",
      number         = "CMS-PAS-JME-16-003",
      reportNumber   = "CMS-PAS-JME-16-003",
      type           = "CMS Physics Analysis Summary",
      url            = "http://cds.cern.ch/record/2256875",
}

@article{Dokshitzer:1997in,
      author         = "Dokshitzer, {\relax Yu} L. and Leder, G. D. and Moretti, S. and
                        Webber, B. R.",
      title          = "{Better jet clustering algorithms}",
      journal        = "JHEP",
      volume         = "08",
      year           = "1997",
      pages          = "001",
      doi            = "10.1088/1126-6708/1997/08/001",
      eprint         = "hep-ph/9707323",
      archivePrefix  = "arXiv",
      primaryClass   = "hep-ph",
      reportNumber   = "CAVENDISH-HEP-97-06",
      SLACcitation   = "%%CITATION = HEP-PH/9707323;%%"
}

@TECHREPORT{CMS_NOTE_2018-323,
     AUTHOR       = "Lenzi, Pierguilio and Palmer, Christopher A. and Thomas-Wilsker, Joshuha and others",
     TITLE        = "Performance of Flavour Tagging Algorithms at 13 TeV with 2018 data",
     TYPE      = "CMS Note",
     NUMBER       = "2018/323",
     URL          = "http://cms.cern.ch/iCMS/jsp/db_notes/noteInfo.jsp?cmsnoteid=CMS%20AN-2018/323",
     YEAR         = "2019"}

@article{Larkoski:2014wba,
      author         = "Larkoski, Andrew J. and Marzani, Simone and Soyez,
                        Gregory and Thaler, Jesse",
      title          = "Soft Drop",
      journal        = "JHEP",
      volume         = "05",
      year           = "2014",
      pages          = "146",
      doi            = "10.1007/JHEP05(2014)146",
      eprint         = "1402.2657",
      archivePrefix  = "arXiv",
      primaryClass   = "hep-ph",
}
% CMS and ATLAS PASes and papers

@article{Ackermann:2011wa,
      author         = "Ackermann, M. and others",
      title          = "{Constraining Dark Matter Models from a Combined Analysis
                        of Milky Way Satellites with the Fermi Large Area
                        Telescope}",
      collaboration  = "Fermi-LAT",
      journal        = "Phys. Rev. Lett.",
      volume         = "107",
      year           = "2011",
      pages          = "241302",
      doi            = "10.1103/PhysRevLett.107.241302",
      eprint         = "1108.3546",
      archivePrefix  = "arXiv",
      primaryClass   = "astro-ph.HE",
      reportNumber   = "SLAC-PUB-15004",
      SLACcitation   = "%%CITATION = ARXIV:1108.3546;%%"
}

@article{Abdo:2010ex,
      author         = "Abdo, A. A. and others",
      title          = "{Observations of Milky Way Dwarf Spheroidal galaxies with
                        the Fermi-LAT detector and constraints on Dark Matter
                        models}",
      collaboration  = "Fermi-LAT",
      journal        = "Astrophys. J.",
      volume         = "712",
      year           = "2010",
      pages          = "147",
      doi            = "10.1088/0004-637X/712/1/147",
      eprint         = "1001.4531",
      archivePrefix  = "arXiv",
      primaryClass   = "astro-ph.CO",
      reportNumber   = "SLAC-PUB-13949",
      SLACcitation   = "%%CITATION = ARXIV:1001.4531;%%"
}

@article{Agnese:2015nto,
      author         = "Agnese, R. and others",
      title          = "{New Results from the Search for Low-Mass Weakly
                        Interacting Massive Particles with the CDMS Low Ionization
                        Threshold Experiment}",
      collaboration  = "SuperCDMS",
      journal        = "Phys. Rev. Lett.",
      volume         = "116",
      year           = "2016",
      pages          = "071301",
      doi            = "10.1103/PhysRevLett.116.071301",
      eprint         = "1509.02448",
      archivePrefix  = "arXiv",
      primaryClass   = "astro-ph.CO",
      reportNumber   = "IPPP-15-56, DCTP-15-112, FERMILAB-PUB-15-394-AE",
      SLACcitation   = "%%CITATION = ARXIV:1509.02448;%%"
}
@article{cresst,
      author         = "Angloher, G. and others",
      title          = "{Results on light dark matter particles with a
                        low-threshold CRESST-II detector}",
      collaboration  = "CRESST",
      journal        = "Eur. Phys. J. C",
      volume         = "76",
      year           = "2016",
      pages          = "25",
      doi            = "10.1140/epjc/s10052-016-3877-3",
      eprint         = "1509.01515",
      archivePrefix  = "arXiv",
      primaryClass   = "astro-ph.CO",
      SLACcitation   = "%%CITATION = ARXIV:1509.01515;%%"
}

@article{panda,
      author         = "Tan, Andi and others",
      title          = "{Dark Matter Results from First 98.7-day Data of
                        PandaX-II Experiment}",
      collaboration  = "PandaX-II",
      year           = "2016",
      eprint         = "1607.07400",
      archivePrefix  = "arXiv",
      primaryClass   = "hep-ex",
      SLACcitation   = "%%CITATION = ARXIV:1607.07400;%%"
}

@article{Chatrchyan:2008aa,
      author         = "Chatrchyan, S. and others",
      title          = "{The CMS experiment at the CERN LHC}",
      collaboration  = "CMS",
      journal        = "JINST",
      volume         = "3",
      year           = "2008",
      pages          = "S08004",
      doi            = "10.1088/1748-0221/3/08/S08004",
      SLACcitation   = "%%CITATION = JINST,3,S08004;%%"
}

@techreport{CMS:2017sdi,
      title          = "{CMS Luminosity Measurements for the 2016 Data Taking
                        Period}",
      collaboration  = "CMS",
      year           = "2017",
      reportNumber   = "CMS-PAS-LUM-17-001",
      url            = "http://cds.cern.ch/record/2257069",
}

@techreport{CMS-PAS-PFT-09-001,
      title         = "{Particle-Flow Event Reconstruction in CMS and Performance
                       for Jets, Taus, and MET}",
      institution   = "CERN",
      collaboration = "CMS",
      address       = "2009. Geneva",
      number        = "CMS-PAS-PFT-09-001",
      month         = "Apr",
      year          = "2009",
      reportNumber  = "CMS-PAS-PFT-09-001",
      type          = "Physics Analysis Summary",
      url           = "https://cds.cern.ch/record/1194487",
}

@techreport{CMS-PAS-PFT-10-001,
      title         = "{Commissioning of the Particle-flow Event Reconstruction
                       with the first LHC collisions recorded in the CMS
                       detector}",
      institution   = "CERN",
      collaboration = "CMS",
      address       = "2010",
      number        = "CMS-PAS-PFT-10-001",
      reportNumber  = "CMS-PAS-PFT-10-001",
      year          = "2015",
      type          = "Physics Analysis Summary",
      url           = "https://cds.cern.ch/record/1247373",
}

@techreport{CMS-PAS-BTV-15-001,
      title         = "{Identification of b quark jets at the CMS Experiment in
                       the LHC Run 2}",
      collaboration = "CMS",
      number        = "CMS-PAS-BTV-15-001",
      reportNumber  = "CMS-PAS-BTV-15-001",
      type          = "CMS Physics Analysis Summary",
      url           = "https://cds.cern.ch/record/2138504",
}


@ARTICLE{Chatrchyan:2011av,
      author        = {{CMS Collaboration}},
      title         = "{Determination of jet energy calibration and transverse momentum resolution in CMS}",
      journal       = {JINST},
      archivePrefix = "arXiv",
      eprint        = {1107.4277},
      primaryClass  = "physics.ins-det",
      year          = 2011,
      volume        = 6,
      pages         = {11002},
      doi           = {10.1088/1748-0221/6/11/P11002},
      adsurl        = {http://adsabs.harvard.edu/abs/2011JInst...611002C},
      adsnote       = {Provided by the SAO/NASA Astrophysics Data System}
}

@article{Chatrchyan:2012jua,
      author         = "Chatrchyan, Serguei and others",
      title          = "{Identification of b-quark jets with the CMS experiment}",
      collaboration  = "CMS",
      journal        = "JINST",
      volume         = "8",
      year           = "2013",
      pages          = "P04013",
      doi            = "10.1088/1748-0221/8/04/P04013",
      eprint         = "1211.4462",
      archivePrefix  = "arXiv",
      primaryClass   = "hep-ex",
      reportNumber   = "CMS-BTV-12-001, CERN-PH-EP-2012-262",
      SLACcitation   = "%%CITATION = ARXIV:1211.4462;%%"
}

@article{Khachatryan:2015iwa,
      author         = "Khachatryan, Vardan and others",
      title          = "{Performance of Photon Reconstruction and Identification
                        with the CMS Detector in Proton-Proton Collisions at
                        $\sqrt{s}$ = 8 TeV}",
      collaboration  = "CMS",
      journal        = "JINST",
      volume         = "10",
      year           = "2015",
      pages          = "P08010",
      doi            = "10.1088/1748-0221/10/08/P08010",
      eprint         = "1502.02702",
      archivePrefix  = "arXiv",
      primaryClass   = "physics.ins-det",
      reportNumber   = "CMS-EGM-14-001, CERN-PH-EP-2015-006",
      SLACcitation   = "%%CITATION = ARXIV:1502.02702;%%"
}


@techreport{CMS-PAS-LUM-15-001,
      title         = "{CMS Luminosity Measurement for the 2015 Data Taking
                       Period}",
      institution   = "CERN",
      collaboration = "CMS Collaboration",
      address       = "Geneva",
      number        = "CMS-PAS-LUM-15-001",
      year          = "2016",
      reportNumber  = "CMS-PAS-LUM-15-001",
      type          = "Physics Analysis Summary",
      url           = "https://cds.cern.ch/record/2138682",
}


@techreport{CMS-PAS-SUS-08-002,
      title         = "{Data-Driven Estimation of the Invisible Z Background to
                       the SUSY MET Plus Jets Search}",
      institution   = "CERN",
      collaboration = "CMS",
      address       = "2009. Geneva",
      number        = "CMS-PAS-SUS-08-002",
      month         = "Jan",
      year          = "2009",
      reportNumber  = "CMS-PAS-SUS-08-002",
      type          = "Physics Analysis Summary",
      url           = "http://cds.cern.ch/record/1194471",
}


@techreport{CMS-PAS-TOP-15-010,
      title         = "{First measurement of the differential cross section for
                       ttbar production in the dilepton final state at $\sqrt{s}$ = 13
                       TeV}",
      institution   = "CERN",
      collaboration = "CMS",
      address       = "Geneva",
      number        = "CMS-PAS-TOP-15-010",
      year          = "2015",
      reportNumber  = "CMS-PAS-TOP-15-010",
      type          = "Physics Analysis Summary",
      url           = "https://cds.cern.ch/record/2047866",
}

@article{Khachatryan:2015vra,
      author         = "Khachatryan, Vardan and others",
      title          = "{Searches for Supersymmetry using the M$_{T2}$ Variable
                        in Hadronic Events Produced in pp Collisions at 8 TeV}",
      collaboration  = "CMS",
      journal        = "JHEP",
      volume         = "05",
      year           = "2015",
      pages          = "078",
      doi            = "10.1007/JHEP05(2015)078",
      eprint         = "1502.04358",
      archivePrefix  = "arXiv",
      primaryClass   = "hep-ex",
      reportNumber   = "CMS-SUS-13-019, CERN-PH-EP-2015-017",
      SLACcitation   = "%%CITATION = ARXIV:1502.04358;%%"
}

@article{Chatrchyan:2014lfa,
      author         = "Chatrchyan, Serguei and others",
      title          = "{Search for new physics in the multijet and missing
                        transverse momentum final state in proton-proton
                        collisions at $\sqrt{s}$= 8 TeV}",
      collaboration  = "CMS",
      journal        = "JHEP",
      volume         = "06",
      year           = "2014",
      pages          = "055",
      doi            = "10.1007/JHEP06(2014)055",
      eprint         = "1402.4770",
      archivePrefix  = "arXiv",
      primaryClass   = "hep-ex",
      reportNumber   = "CMS-SUS-13-012, CERN-PH-EP-2014-015",
      SLACcitation   = "%%CITATION = ARXIV:1402.4770;%%"
}

@article{Chatrchyan:2012xdj,
      author         = "Chatrchyan, Serguei and others",
      title          = "{Observation of a new boson at a mass of 125 GeV with the
                        CMS experiment at the LHC}",
      collaboration  = "CMS",
      journal        = "Phys. Lett. B",
      volume         = "716",
      year           = "2012",
      pages          = "30",
      doi            = "10.1016/j.physletb.2012.08.021",
      eprint         = "1207.7235",
      archivePrefix  = "arXiv",
      primaryClass   = "hep-ex",
      reportNumber   = "CMS-HIG-12-028, CERN-PH-EP-2012-220",
      SLACcitation   = "%%CITATION = ARXIV:1207.7235;%%"
}

@article{Chatrchyan:2013lba,
      author         = "Chatrchyan, Serguei and others",
      title          = "{Observation of a new boson with mass near 125 GeV in pp
                        collisions at $\sqrt{s}$ = 7 and 8 TeV}",
      collaboration  = "CMS",
      journal        = "JHEP",
      volume         = "06",
      year           = "2013",
      pages          = "081",
      doi            = "10.1007/JHEP06(2013)081",
      eprint         = "1303.4571",
      archivePrefix  = "arXiv",
      primaryClass   = "hep-ex",
      reportNumber   = "CMS-HIG-12-036, CERN-PH-EP-2013-035",
      SLACcitation   = "%%CITATION = ARXIV:1303.4571;%%"
}

@article{Aad:2012tfa,
      author         = "Aad, Georges and others",
      title          = "{Observation of a new particle in the search for the
                        Standard Model Higgs boson with the ATLAS detector at the
                        LHC}",
      collaboration  = "ATLAS",
      journal        = "Phys. Lett. B",
      volume         = "716",
      year           = "2012",
      pages          = "1",
      doi            = "10.1016/j.physletb.2012.08.020",
      eprint         = "1207.7214",
      archivePrefix  = "arXiv",
      primaryClass   = "hep-ex",
      reportNumber   = "CERN-PH-EP-2012-218",
      SLACcitation   = "%%CITATION = ARXIV:1207.7214;%%"
}

@techreport{CMS-PAS-SMP-15-005,
      title         = "{Measurement of the ZZ production cross section in
                       $\ell\ell\ell'\ell'$ decays in pp collisions at $\sqrt{s}$ =
                       13 TeV}",
      institution   = "CERN",
      collaboration = "CMS",
      address       = "Geneva",
      number        = "CMS-PAS-SMP-15-005",
      year          = "2015",
      reportNumber  = "CMS-PAS-SMP-15-005",
      type          = "Physics Analysis Summary",
      url           = "https://cds.cern.ch/record/2114822",
}
@techreport{CMS-PAS-SMP-15-006,
      title         = "{Measurement of the WZ production cross section in pp
                       collisions at $\sqrt{s}$ = 13 TeV}",
      institution   = "CERN",
      collaboration = "CMS",
      address       = "Geneva",
      number        = "CMS-PAS-SMP-15-006",
      year          = "2015",
      reportNumber  = "CMS-PAS-SMP-15-006",
      type          = "Physics Analysis Summary",
      url           = "https://cds.cern.ch/record/2114821",
}

% Statistics 

@article{Junk:1999kv,
      author         = "Junk, Thomas",
      title          = "{Confidence level computation for combining searches with
                        small statistics}",
      journal        = "Nucl. Instrum. Meth. A",
      volume         = "434",
      year           = "1999",
      pages          = "435",
      doi            = "10.1016/S0168-9002(99)00498-2",
      eprint         = "hep-ex/9902006",
      archivePrefix  = "arXiv",
      primaryClass   = "hep-ex",
      reportNumber   = "CARLETON-OPAL-PHYS-99-01, CERN-EP-99-041",
      SLACcitation   = "%%CITATION = HEP-EX/9902006;%%"
}


@article{Read:2002av,
      author         = {Read,~A.~L.},
      title          = {Presentation of search results: the {CLs} technique},
      journal        = {J. Phys. G},
      volume         = {28},
      pages          = {2693},
      url            = {http://stacks.iop.org/0954-3899/28/i=10/a=313},
      doi            = "10.1088/0954-3899/28/10/313",
      year           = {2002}
}

@article{Cowan:2010js,
      author         = "Cowan, Glen and Cranmer, Kyle and Gross, Eilam and
                        Vitells, Ofer",
      title          = "{Asymptotic formulae for likelihood-based tests of new
                        physics}",
      journal        = "Eur. Phys. J. C",
      volume         = "71",
      year           = "2011",
      pages          = "1554",
      doi            = "10.1140/epjc/s10052-011-1554-0",
      note           = "[Erratum: \DOI{10.1140/epjc/s10052-013-2501-z}]",
      eprint         = "1007.1727",
      archivePrefix  = "arXiv",
      primaryClass   = "physics.data-an",
      SLACcitation   = "%%CITATION = ARXIV:1007.1727;%%"
}

% Jet algorithms

@article{Cacciari:2007fd,
      author         = "Cacciari, Matteo and Salam, Gavin P.",
      title          = "{Pileup subtraction using jet areas}",
      journal        = "Phys. Lett.",
      volume         = "B659",
      year           = "2008",
      pages          = "119",
      doi            = "10.1016/j.physletb.2007.09.077",
      eprint         = "0707.1378",
      archivePrefix  = "arXiv",
      primaryClass   = "hep-ph",
      reportNumber   = "LPTHE-07-01",
      SLACcitation   = "%%CITATION = ARXIV:0707.1378;%%"
}


@article{Ellis:2009me,
      author         = "Ellis, Stephen D. and Vermilion, Christopher K. and
                        Walsh, Jonathan R.",
      title          = "{Recombination Algorithms and Jet Substructure: Pruning
                        as a Tool for Heavy Particle Searches}",
      journal        = "Phys. Rev. D",
      volume         = "81",
      year           = "2010",
      pages          = "094023",
      doi            = "10.1103/PhysRevD.81.094023",
      eprint         = "0912.0033",
      archivePrefix  = "arXiv",
      primaryClass   = "hep-ph",
      SLACcitation   = "%%CITATION = ARXIV:0912.0033;%%"
}

@article{Thaler:2010tr,
      author         = "Thaler, Jesse and Van Tilburg, Ken",
      title          = "{Identifying Boosted Objects with N-subjettiness}",
      journal        = "JHEP",
      volume         = "03",
      year           = "2011",
      pages          = "015",
      doi            = "10.1007/JHEP03(2011)015",
      eprint         = "1011.2268",
      archivePrefix  = "arXiv",
      primaryClass   = "hep-ph",
      reportNumber   = "MIT-CTP-4191",
      SLACcitation   = "%%CITATION = ARXIV:1011.2268;%%"
}

% Generators

@article{Alwall:2014hca,
      author         = "Alwall, J. and Frederix, R. and Frixione, S. and Hirschi,
                        V. and Maltoni, F. and Mattelaer, O. and Shao, H. -S. and
                        Stelzer, T. and Torrielli, P. and Zaro, M.",
      title          = "{The automated computation of tree-level and
                        next-to-leading order differential cross sections, and
                        their matching to parton shower simulations}",
      journal        = "JHEP",
      volume         = "07",
      year           = "2014",
      pages          = "079",
      doi            = "10.1007/JHEP07(2014)079",
      eprint         = "1405.0301",
      archivePrefix  = "arXiv",
      primaryClass   = "hep-ph",
      reportNumber   = "CERN-PH-TH-2014-064, CP3-14-18, LPN14-066, MCNET-14-09,
                        ZU-TH-14-14",
      SLACcitation   = "%%CITATION = ARXIV:1405.0301;%%"
}
@article{Sjostrand:2014zea,
      author         = "Sj{\"o}strand, Torbj{\"o}rn and Ask, Stefan and Christiansen, Jesper R. and Corke, Richard and Desai, Nishita and Ilten, Philip and Mrenna, Stephen and Prestel, Stefan and Rasmussen, Christine O. and Skands, Peter Z.",
      title          = "{An Introduction to PYTHIA 8.2}",
      journal        = "Comput. Phys. Commun.",
      volume         = "191",
      year           = "2015",
      pages          = "159",
      doi            = "10.1016/j.cpc.2015.01.024",
      eprint         = "1410.3012",
      archivePrefix  = "arXiv",
      primaryClass   = "hep-ph",
      reportNumber   = "LU-TP-14-36, MCNET-14-22, CERN-PH-TH-2014-190,
                        FERMILAB-PUB-14-316-CD, DESY-14-178, SLAC-PUB-16122,
                        --FERMILAB-PUB-14-316-CD",
      SLACcitation   = "%%CITATION = ARXIV:1410.3012;%%"
}

@article{Mangano:2006rw,
      author         = "Mangano, Michelangelo L. and Moretti, Mauro and
                        Piccinini, Fulvio and Treccani, Michele",
      title          = "{Matching matrix elements and shower evolution for
                        top-quark production in hadronic collisions}",
      journal        = "JHEP",
      volume         = "01",
      year           = "2007",
      pages          = "013",
      doi            = "10.1088/1126-6708/2007/01/013",
      eprint         = "hep-ph/0611129",
      archivePrefix  = "arXiv",
      primaryClass   = "hep-ph",
      reportNumber   = "CERN-PH-TH-2006-232, FNT-T-2006-09",
      SLACcitation   = "%%CITATION = HEP-PH/0611129;%%"
}


@article{Ball:2014uwa,
      author         = "Ball, Richard D. and others",
      title          = "{Parton distributions for the LHC Run II}",
      collaboration  = "NNPDF",
      journal        = "JHEP",
      volume         = "04",
      year           = "2015",
      pages          = "040",
      doi            = "10.1007/JHEP04(2015)040",
      eprint         = "1410.8849",
      archivePrefix  = "arXiv",
      primaryClass   = "hep-ph",
      reportNumber   = "EDINBURGH-2014-15, IFUM-1034-FT, CERN-PH-TH-2013-253,
                        OUTP-14-11P, CAVENDISH-HEP-14-11",
      SLACcitation   = "%%CITATION = ARXIV:1410.8849;%%"
}

@article{Agostinelli:2002hh,
      author         = "Agostinelli, S. and others",
      title          = "{GEANT4: A simulation toolkit}",
      collaboration  = "GEANT4",
      journal        = "Nucl. Instrum. Meth. A",
      volume         = "506",
      year           = "2003",
      pages          = "250",
      doi            = "10.1016/S0168-9002(03)01368-8",
      reportNumber   = "SLAC-PUB-9350, FERMILAB-PUB-03-339",
      SLACcitation   = "%%CITATION = NUIMA,A506,250;%%"
}


@article{Oleari:2010nx,
      author         = "Oleari, Carlo",
      title          = "{The POWHEG-BOX}",
      booktitle      = "{Proceedings,  10th DESY Workshop on Elementary Particle
                        Theory: Loops and Legs in Quantum Field Theory}",
      journal        = "Nucl. Phys. Proc. Suppl.",
      volume         = "205-206",
      year           = "2010",
      pages          = "36",
      doi            = "10.1016/j.nuclphysbps.2010.08.016",
      eprint         = "1007.3893",
      archivePrefix  = "arXiv",
      primaryClass   = "hep-ph",
      SLACcitation   = "%%CITATION = ARXIV:1007.3893;%%"
}

@article{Gao:2010qx,
      author         = "Gao, Yanyan and Gritsan, Andrei V. and Guo, Zijin and
                        Melnikov, Kirill and Schulze, Markus and Tran, Nhan V.",
      title          = "{Spin determination of single-produced resonances at
                        hadron colliders}",
      journal        = "Phys. Rev.",
      volume         = "D81",
      year           = "2010",
      pages          = "075022",
      doi            = "10.1103/PhysRevD.81.075022",
      eprint         = "1001.3396",
      archivePrefix  = "arXiv",
      primaryClass   = "hep-ph",
      reportNumber   = "FERMILAB-PUB-10-011-E",
      SLACcitation   = "%%CITATION = ARXIV:1001.3396;%%"
}
@article{Bolognesi:2012mm,
      author         = "Bolognesi, Sara and Gao, Yanyan and Gritsan, Andrei V.
                        and Melnikov, Kirill and Schulze, Markus and Tran, Nhan V.
                        and Whitbeck, Andrew",
      title          = "{On the spin and parity of a single-produced resonance at
                        the LHC}",
      journal        = "Phys. Rev.",
      volume         = "D86",
      year           = "2012",
      pages          = "095031",
      doi            = "10.1103/PhysRevD.86.095031",
      eprint         = "1208.4018",
      archivePrefix  = "arXiv",
      primaryClass   = "hep-ph",
      reportNumber   = "ANL-HEP-PR-12-62, FERMILAB-PUB-12-475-PPD",
      SLACcitation   = "%%CITATION = ARXIV:1208.4018;%%"
}

@article{Backovic:2013dpa,
      author         = "Backovic, Mihailo and Kong, Kyoungchul and McCaskey,
                        Mathew",
      title          = "{MadDM v.1.0: Computation of Dark Matter Relic Abundance
                        Using MadGraph5}",
      journal        = "Phys. Dark Univ.",
      volume         = "5-6",
      pages          = "18",
      doi            = "10.1016/j.dark.2014.04.001",
      year           = "2014",
      eprint         = "1308.4955",
      archivePrefix  = "arXiv",
      primaryClass   = "hep-ph",
      SLACcitation   = "%%CITATION = ARXIV:1308.4955;%%",
}

@article{Khachatryan:2015pea,
      author         = "Khachatryan, Vardan and others",
      title          = "{Event generator tunes obtained from underlying event and
                        multiparton scattering measurements}",
      collaboration  = "CMS",
      journal        = "Eur. Phys. J. C",
      volume         = "76",
      year           = "2016",
      pages          = "155",
      doi            = "10.1140/epjc/s10052-016-3988-x",
      eprint         = "1512.00815",
      archivePrefix  = "arXiv",
      primaryClass   = "hep-ex",
      reportNumber   = "CMS-GEN-14-001, CERN-PH-EP-2015-291",
      SLACcitation   = "%%CITATION = ARXIV:1512.00815;%%"
}

% NLO EWK corrections for V+jets

@article{Kuhn:2005gv,
      author         = "Kuhn, Johann H. and Kulesza, A. and Pozzorini, S. and
                        Schulze, M.",
      title          = "{Electroweak corrections to hadronic photon production at
                        large transverse momenta}",
      journal        = "JHEP",
      volume         = "03",
      year           = "2006",
      pages          = "059",
      doi            = "10.1088/1126-6708/2006/03/059",
      eprint         = "hep-ph/0508253",
      archivePrefix  = "arXiv",
      primaryClass   = "hep-ph",
      reportNumber   = "TTP05-16, SFB-CPP-05-44",
      SLACcitation   = "%%CITATION = HEP-PH/0508253;%%"
}
@article{Kallweit:2014xda,
      author         = "Kallweit, Stefan and Lindert, Jonas M. and Maierhöfer,
                        Philipp and Pozzorini, Stefano and Schönherr, Marek",
      title          = "{NLO electroweak automation and precise predictions for
                        W+multijet production at the LHC}",
      journal        = "JHEP",
      volume         = "04",
      year           = "2015",
      pages          = "012",
      doi            = "10.1007/JHEP04(2015)012",
      eprint         = "1412.5157",
      archivePrefix  = "arXiv",
      primaryClass   = "hep-ph",
      reportNumber   = "LPN14-127, IPPP-14-107, DCPT-14-214, MCNET-14-26,
                        ZU-TH-42-14, MITP-14-102, --MITP-14-102",
      SLACcitation   = "%%CITATION = ARXIV:1412.5157;%%"
}
@inproceedings{Kallweit:2015fta,
      author         = "Kallweit, Stefan and Lindert, Jonas M. and Pozzorini,
                        Stefano and Schönherr, Marek and Maierhöfer, Philipp",
      title          = "{NLO QCD+EW automation and precise predictions for
                        V+multijet production}",
      booktitle      = "{50th Rencontres de Moriond on QCD and High Energy
                        Interactions La Thuile, Italy, March 21-28, 2015}",
      url            = "http://inspirehep.net/record/1372103/files/arXiv:1505.05704.pdf",
      year           = "2015",
      eprint         = "1505.05704",
      archivePrefix  = "arXiv",
      primaryClass   = "hep-ph",
      reportNumber   = "DCPT-15-56, IPPP-15-28, MITP-15-037, ZU-TH-12-15",
      SLACcitation   = "%%CITATION = ARXIV:1505.05704;%%"
}


% Top pT reweighting

@article{Czakon:2015owf,
      author         = "Czakon, Michal and Heymes, David and Mitov, Alexander",
      title          = "{High-precision differential predictions for top-quark
                        pairs at the LHC}",
      journal        = "Phys. Rev. Lett.",
      volume         = "116",
      year           = "2016",
      pages          = "082003",
      doi            = "10.1103/PhysRevLett.116.082003",
      eprint         = "1511.00549",
      archivePrefix  = "arXiv",
      primaryClass   = "hep-ph",
      reportNumber   = "CAVENDISH-HEP-15-10, TTK-15-34",
      SLACcitation   = "%%CITATION = ARXIV:1511.00549;%%"
}


% LHC Higgs Cross-section Working Group

@misc{LHCHXSWG,
    author = {{LHC Higgs Cross Section Working Group}},
    howpublished = "\url{https://twiki.cern.ch/twiki/bin/view/LHCPhysics/LHCHXSWG}"
}


@unpublished{Heinemeyer:2013tqa,
      author         = "Andersen, J R and others",
      editor         = "Heinemeyer, S and Mariotti, C and Passarino, G and
                        Tanaka, R",
      title          = "{Handbook of LHC Higgs Cross Sections: 3. Higgs
                        Properties}",
      collaboration  = "LHC Higgs Cross Section Working Group",
      year           = "2013",
      doi            = "10.5170/CERN-2013-004",
      eprint         = "1307.1347",
      archivePrefix  = "arXiv",
      primaryClass   = "hep-ph",
      reportNumber   = "CERN-2013-004, FERMILAB-CONF-13-667-T",
      SLACcitation   = "%%CITATION = ARXIV:1307.1347;%%"
}

% Dark matter theory and phenomenology

@article{Feng:2010gw,
      author         = "Feng, Jonathan L.",
      title          = "{Dark Matter Candidates from Particle Physics and Methods
                        of Detection}",
      journal        = "Ann. Rev. Astron. Astrophys.",
      volume         = "48",
      year           = "2010",
      pages          = "495",
      doi            = "10.1146/annurev-astro-082708-101659",
      eprint         = "1003.0904",
      archivePrefix  = "arXiv",
      primaryClass   = "astro-ph.CO",
      reportNumber   = "UCI-TR-2009-13",
      SLACcitation   = "%%CITATION = ARXIV:1003.0904;%%"
}

@article{Porter:2011nv,
      author         = "Porter, Troy A. and Johnson, Robert P. and Graham, Peter
                        W.",
      title          = "{Dark Matter Searches with Astroparticle Data}",
      journal        = "Ann. Rev. Astron. Astrophys.",
      volume         = "49",
      year           = "2011",
      pages          = "155",
      doi            = "10.1146/annurev-astro-081710-102528",
      eprint         = "1104.2836",
      archivePrefix  = "arXiv",
      primaryClass   = "astro-ph.HE",
      SLACcitation   = "%%CITATION = ARXIV:1104.2836;%%"
}

@unpublished{Abercrombie:2015wmb,
      author         = "Abercrombie, Daniel and others",
      title          = "{Dark Matter Benchmark Models for Early LHC Run-2
                        Searches: Report of the ATLAS/CMS Dark Matter Forum}",
      year           = "2015",
      eprint         = "1507.00966",
      archivePrefix  = "arXiv",
      primaryClass   = "hep-ex",
      reportNumber   = "FERMILAB-PUB-15-282-CD",
      SLACcitation   = "%%CITATION = ARXIV:1507.00966;%%"
}

@article{Belanger:2001am,
      author         = "Belanger, G. and Boudjema, F. and Cottrant, A. and
                        Godbole, R. M. and Semenov, A.",
      title          = "{The MSSM invisible Higgs in the light of dark matter and
                        g-2}",
      journal        = "Phys. Lett.",
      volume         = "B519",
      year           = "2001",
      pages          = "93",
      doi            = "10.1016/S0370-2693(01)00976-5",
      eprint         = "hep-ph/0106275",
      archivePrefix  = "arXiv",
      primaryClass   = "hep-ph",
      reportNumber   = "LAPTH-856-2001, IISC-CTS-14-01",
      SLACcitation   = "%%CITATION = HEP-PH/0106275;%%"
}

@inproceedings{Battaglia:2004js,
      author         = "Battaglia, M. and Dominici, D. and Gunion, J. F. and
                        Wells, J. D.",
      title          = "{The Invisible Higgs decay width in the ADD model at the
                        LHC}",
      booktitle      = "{Physics at TeV colliders. Proceedings, Workshop, Les
                        Houches, France, May 26-June 3, 2003}",
      url            = "http://weblib.cern.ch/abstract?CERN-PH-TH-2004-018",
      year           = "2004",
      eprint         = "hep-ph/0402062",
      archivePrefix  = "arXiv",
      primaryClass   = "hep-ph",
      reportNumber   = "UCD-2004-18, LBNL-55457, CERN-PH-TH-2004-018, MCTP-04-05",
      SLACcitation   = "%%CITATION = HEP-PH/0402062;%%"
}

@article{Giudice:2000av,
      author         = "Giudice, Gian F. and Rattazzi, Riccardo and Wells, James
                        D.",
      title          = "{Graviscalars from higher dimensional metrics and
                        curvature Higgs mixing}",
      journal        = "Nucl. Phys.",
      volume         = "B595",
      year           = "2001",
      pages          = "250",
      doi            = "10.1016/S0550-3213(00)00686-6",
      eprint         = "hep-ph/0002178",
      archivePrefix  = "arXiv",
      primaryClass   = "hep-ph",
      reportNumber   = "CERN-TH-2000-051, SNS-PH-2000-03, UCD-2000-7, LBNL-45201,
                        LBL-45201",
      SLACcitation   = "%%CITATION = HEP-PH/0002178;%%"
}

@article{Ackermann:2015zua,
      author         = "Ackermann, M. and others",
      title          = "{Searching for Dark Matter Annihilation from Milky Way
                        Dwarf Spheroidal Galaxies with Six Years of Fermi Large
                        Area Telescope Data}",
      collaboration  = "Fermi-LAT",
      journal        = "Phys. Rev. Lett.",
      volume         = "115",
      year           = "2015",
      pages          = "231301",
      doi            = "10.1103/PhysRevLett.115.231301",
      eprint         = "1503.02641",
      archivePrefix  = "arXiv",
      primaryClass   = "astro-ph.HE",
      reportNumber   = "FERMILAB-PUB-15-081-AE",
      SLACcitation   = "%%CITATION = ARXIV:1503.02641;%%"
}

@article{Harris:2014hga,
      author         = "Harris, Philip and Khoze, Valentin V. and Spannowsky,
                        Michael and Williams, Ciaran",
      title          = "{Constraining Dark Sectors at Colliders: Beyond the
                        Effective Theory Approach}",
      journal        = "Phys. Rev. D",
      volume         = "91",
      year           = "2015",
      pages          = "055009",
      doi            = "10.1103/PhysRevD.91.055009",
      eprint         = "1411.0535",
      archivePrefix  = "arXiv",
      primaryClass   = "hep-ph",
      reportNumber   = "IPPP-14-94, DCPT-14-188",
      SLACcitation   = "%%CITATION = ARXIV:1411.0535;%%"
}

@article{Harris:2015kda,
      author         = "Harris, Philip and Khoze, Valentin V. and Spannowsky,
                        Michael and Williams, Ciaran",
      title          = "{Closing up on Dark Sectors at Colliders: from 14 to 100
                        TeV}",
      journal        = "Phys. Rev. D",
      volume         = "93",
      year           = "2016",
      pages          = "054030",
      doi            = "10.1103/PhysRevD.93.054030",
      eprint         = "1509.02904",
      archivePrefix  = "arXiv",
      primaryClass   = "hep-ph",
      reportNumber   = "IPPP-15-20, DCPT-15-36",
      SLACcitation   = "%%CITATION = ARXIV:1509.02904;%%"
}

@article{Malik:2014ggr,
      author         = "Malik, Sarah A. and others",
      title          = "{Interplay and Characterization of Dark Matter Searches
                        at Colliders and in Direct Detection Experiments}",
      journal        = "Phys. Dark Univ.",
      volume         = "9-10",
      year           = "2015",
      pages          = "51",
      doi            = "10.1016/j.dark.2015.03.003",
      eprint         = "1409.4075",
      archivePrefix  = "arXiv",
      primaryClass   = "hep-ex",
      reportNumber   = "KCL-PH-TH-2014-37, LCTS-2014-36, CERN-PH-TH-2014-180",
      SLACcitation   = "%%CITATION = ARXIV:1409.4075;%%"
}


@article{An:2012va,
      author         = "An, Haipeng and Ji, Xiangdong and Wang, Lian-Tao",
      title          = "{Light Dark Matter and $Z'$ Dark Force at Colliders}",
      journal        = "JHEP",
      volume         = "07",
      year           = "2012",
      pages          = "182",
      doi            = "10.1007/JHEP07(2012)182",
      eprint         = "1202.2894",
      archivePrefix  = "arXiv",
      primaryClass   = "hep-ph",
      reportNumber   = "PI-PARTPHYS-258, UMD-DOE-ER-40762-514",
      SLACcitation   = "%%CITATION = ARXIV:1202.2894;%%"
}

@article{An:2012ue,
      author         = "An, Haipeng and Huo, Ran and Wang, Lian-Tao",
      title          = "{Searching for Low Mass Dark Portal at the LHC}",
      journal        = "Phys. Dark Univ.",
      volume         = "2",
      year           = "2013",
      pages          = "50",
      doi            = "10.1016/j.dark.2013.03.002",
      eprint         = "1212.2221",
      archivePrefix  = "arXiv",
      primaryClass   = "hep-ph",
      reportNumber   = "EFI-12-34, PI-PARTPHYS-311",
      SLACcitation   = "%%CITATION = ARXIV:1212.2221;%%"
}

@article{DiFranzo:2013vra,
      author         = "DiFranzo, Anthony and Nagao, Keiko I. and Rajaraman,
                        Arvind and Tait, Tim M. P.",
      title          = "{Simplified Models for Dark Matter Interacting with
                        Quarks}",
      journal        = "JHEP",
      volume         = "11",
      year           = "2013",
      pages          = "014",
      doi            = "10.1007/JHEP11(2013)014",
      note           = "[Erratum: \DOI{10.1007/JHEP01(2014)162}]",
      eprint         = "1308.2679",
      archivePrefix  = "arXiv",
      primaryClass   = "hep-ph",
      reportNumber   = "UCI-HEP-TR-2013-17, KEK-TH-1659",
      SLACcitation   = "%%CITATION = ARXIV:1308.2679;%%"
}

@article{Bai:2013iqa,
      author         = "Bai, Yang and Berger, Joshua",
      title          = "{Fermion Portal Dark Matter}",
      journal        = "JHEP",
      volume         = "11",
      year           = "2013",
      pages          = "171",
      doi            = "10.1007/JHEP11(2013)171",
      eprint         = "1308.0612",
      archivePrefix  = "arXiv",
      primaryClass   = "hep-ph",
      reportNumber   = "SLAC-PUB-15704",
      SLACcitation   = "%%CITATION = ARXIV:1308.0612;%%"
}

@article{Bai:2014osa,
      author         = "Bai, Yang and Berger, Joshua",
      title          = "{Lepton Portal Dark Matter}",
      journal        = "JHEP",
      volume         = "08",
      year           = "2014",
      pages          = "153",
      doi            = "10.1007/JHEP08(2014)153",
      eprint         = "1402.6696",
      archivePrefix  = "arXiv",
      primaryClass   = "hep-ph",
      reportNumber   = "SLAC-PUB-15912",
      SLACcitation   = "%%CITATION = ARXIV:1402.6696;%%"
}

@article{An:2013xka,
      author         = "An, Haipeng and Wang, Lian-Tao and Zhang, Hao",
      title          = "{Dark matter with $t$-channel mediator: a simple step
                        beyond contact interaction}",
      journal        = "Phys. Rev. D",
      volume         = "89",
      year           = "2014",
      pages          = "115014",
      doi            = "10.1103/PhysRevD.89.115014",
      eprint         = "1308.0592",
      archivePrefix  = "arXiv",
      primaryClass   = "hep-ph",
      reportNumber   = "IIT-CAPP-13-06, ANL-HEP-PR-13-38",
      SLACcitation   = "%%CITATION = ARXIV:1308.0592;%%"
}

@unpublished{Abdallah:2014hon,
      author         = "Abdallah, Jalal and others",
      title          = "{Simplified Models for Dark Matter and Missing Energy
                        Searches at the LHC}",
      year           = "2014",
      eprint         = "1409.2893",
      archivePrefix  = "arXiv",
      primaryClass   = "hep-ph",
      reportNumber   = "FERMILAB-FN-0990-PPD",
      SLACcitation   = "%%CITATION = ARXIV:1409.2893;%%"
}

@article{Buckley:2014fba,
      author         = "Buckley, Matthew R. and Feld, David and Goncalves,
                        Dorival",
      title          = "{Scalar Simplified Models for Dark Matter}",
      journal        = "Phys. Rev. D",
      volume         = "91",
      year           = "2015",
      pages          = "015017",
      doi            = "10.1103/PhysRevD.91.015017",
      eprint         = "1410.6497",
      archivePrefix  = "arXiv",
      primaryClass   = "hep-ph",
      reportNumber   = "IPPP-14-92, DCPT-14-184",
      SLACcitation   = "%%CITATION = ARXIV:1410.6497;%%"
}

@article{Haisch:2015ioa,
      author         = "Haisch, Ulrich and Re, Emanuele",
      title          = "{Simplified dark matter top-quark interactions at the
                        LHC}",
      journal        = "JHEP",
      volume         = "06",
      year           = "2015",
      pages          = "078",
      doi            = "10.1007/JHEP06(2015)078",
      eprint         = "1503.00691",
      archivePrefix  = "arXiv",
      primaryClass   = "hep-ph",
      reportNumber   = "OUTP-15-02P, CERN-PH-TH-2015-201",
      SLACcitation   = "%%CITATION = ARXIV:1503.00691;%%"
}

@article{Carpenter:2012rg,
      author         = "Carpenter, Linda M. and Nelson, Andrew and Shimmin, Chase
                        and Tait, Tim M. P. and Whiteson, Daniel",
      title          = "{Collider searches for dark matter in events with a Z
                        boson and missing energy}",
      journal        = "Phys. Rev. D",
      volume         = "87",
      year           = "2013",
      pages          = "074005",
      doi            = "10.1103/PhysRevD.87.074005",
      eprint         = "1212.3352",
      archivePrefix  = "arXiv",
      primaryClass   = "hep-ex",
      reportNumber   = "UCI-HEP-TR-2012-21",
      SLACcitation   = "%%CITATION = ARXIV:1212.3352;%%"
}

@article{Bell:2012rg,
      author         = "Bell, Nicole F. and Dent, James B. and Galea, Ahmad J.
                        and Jacques, Thomas D. and Krauss, Lawrence M. and Weiler,
                        Thomas J.",
      title          = "{Searching for Dark Matter at the LHC with a Mono-Z}",
      journal        = "Phys. Rev. D",
      volume         = "86",
      year           = "2012",
      pages          = "096011",
      doi            = "10.1103/PhysRevD.86.096011",
      eprint         = "1209.0231",
      archivePrefix  = "arXiv",
      primaryClass   = "hep-ph",
      SLACcitation   = "%%CITATION = ARXIV:1209.0231;%%"
}

@article{Alwall:2008ag,
      author         = "Alwall, Johan and Schuster, Philip and Toro, Natalia",
      title          = "{Simplified Models for a First Characterization of New
                        Physics at the LHC}",
      journal        = "Phys. Rev. D",
      volume         = "79",
      year           = "2009",
      pages          = "075020",
      doi            = "10.1103/PhysRevD.79.075020",
      eprint         = "0810.3921",
      archivePrefix  = "arXiv",
      primaryClass   = "hep-ph",
      reportNumber   = "SLAC-PUB-13425, SU-ITP-08-24",
      SLACcitation   = "%%CITATION = ARXIV:0810.3921;%%"
}

@unpublished{Goodman:2011jq,
      author         = "Goodman, Jessica and Shepherd, William",
      title          = "{LHC Bounds on UV-Complete Models of Dark Matter}",
      year           = "2011",
      eprint         = "1111.2359",
      archivePrefix  = "arXiv",
      primaryClass   = "hep-ph",
      reportNumber   = "UCI-HEP-TR-2011-22",
      SLACcitation   = "%%CITATION = ARXIV:1111.2359;%%"
}

@article{Alves:2011wf,
      author         = "Alves, Daniele",
      editor         = "Arkani-Hamed, Nima and Arora, Sanjay and Bai, Yang and
                        Baumgart, Matthew and Berger, Joshua and Buckley, Matthew
                        and Butler, Bart and Chang, Spencer and Cheng, Hsin-Chia
                        and Cheung, Clifford and others ",
      title          = "{Simplified Models for LHC New Physics Searches}",
      collaboration  = "LHC New Physics Working Group",
      journal        = "J. Phys. G",
      volume         = "39",
      year           = "2012",
      pages          = "105005",
      doi            = "10.1088/0954-3899/39/10/105005",
      eprint         = "1105.2838",
      archivePrefix  = "arXiv",
      primaryClass   = "hep-ph",
      reportNumber   = "SLAC-PUB-15045, FERMILAB-PUB-11-842-A-PPD",
      SLACcitation   = "%%CITATION = ARXIV:1105.2838;%%"
}

@article{Fox:2011pm,
      author         = "Fox, Patrick J. and Harnik, Roni and Kopp, Joachim and
                        Tsai, Yuhsin",
      title          = "{Missing Energy Signatures of Dark Matter at the LHC}",
      journal        = "Phys. Rev.",
      volume         = "D85",
      year           = "2012",
      pages          = "056011",
      doi            = "10.1103/PhysRevD.85.056011",
      eprint         = "1109.4398",
      archivePrefix  = "arXiv",
      primaryClass   = "hep-ph",
      reportNumber   = "FERMILAB-PUB-11-478-T",
      SLACcitation   = "%%CITATION = ARXIV:1109.4398;%%"
}

@article{Busoni:2013lha,
      author         = "Busoni, Giorgio and De Simone, Andrea and Morgante,
                        Enrico and Riotto, Antonio",
      title          = "{On the Validity of the Effective Field Theory for Dark
                        Matter Searches at the LHC}",
      journal        = "Phys. Lett. B",
      volume         = "728",
      year           = "2014",
      pages          = "412",
      doi            = "10.1016/j.physletb.2013.11.069",
      eprint         = "1307.2253",
      archivePrefix  = "arXiv",
      primaryClass   = "hep-ph",
      reportNumber   = "CERN-PH-TH-2013-151, SISSA-29-2013-FISI",
      SLACcitation   = "%%CITATION = ARXIV:1307.2253;%%"
}

@article{Cheung:2013pfa,
      author         = "Cheung, Kingman and Lu, Chih-Ting and Tseng, Po-Yan and
                        Yuan, Tzu-Chiang",
      title          = "{Collider Constraints on the Dark Matter Interpretation
                        of the CDMS II Results}",
      year           = "2013",
      eprint         = "1308.0067",
      archivePrefix  = "arXiv",
      primaryClass   = "hep-ph",
      SLACcitation   = "%%CITATION = ARXIV:1308.0067;%%"
}

@article{Buchmueller:2013dya,
      author         = "Buchmueller, O. and Dolan, Matthew J. and McCabe,
                        Christopher",
      title          = "{Beyond Effective Field Theory for Dark Matter Searches
                        at the LHC}",
      journal        = "JHEP",
      volume         = "01",
      year           = "2014",
      pages          = "025",
      doi            = "10.1007/JHEP01(2014)025",
      eprint         = "1308.6799",
      archivePrefix  = "arXiv",
      primaryClass   = "hep-ph",
      reportNumber   = "IPPP-13-63, DCPT-13-128",
      SLACcitation   = "%%CITATION = ARXIV:1308.6799;%%"
}

@article{Buchmueller:2014yoa,
      author         = "Buchmueller, Oliver and Dolan, Matthew J. and Malik,
                        Sarah A. and McCabe, Christopher",
      title          = "{Characterising dark matter searches at colliders and
                        direct detection experiments: Vector mediators}",
      journal        = "JHEP",
      volume         = "01",
      year           = "2015",
      pages          = "037",
      doi            = "10.1007/JHEP01(2015)037",
      eprint         = "1407.8257",
      archivePrefix  = "arXiv",
      primaryClass   = "hep-ph",
      reportNumber   = "IPPP-14-68, DCPT-14-136, SLAC-PUB-16033",
      SLACcitation   = "%%CITATION = ARXIV:1407.8257;%%"
}
@article{Buchmueller:2015eea,
      author         = "Buchmueller, Oliver and Malik, Sarah A. and McCabe,
                        Christopher and Penning, Bjoern",
      title          = "{Constraining the Fermi-LAT excess with multi-jet plus
                        MET collider searches}",
      year           = "2015",
      eprint         = "1505.07826",
      archivePrefix  = "arXiv",
      primaryClass   = "hep-ph",
      SLACcitation   = "%%CITATION = ARXIV:1505.07826;%%"
}

@article{Kurylov:2003ra,
      author         = "Kurylov, Andriy and Kamionkowski, Marc",
      title          = "{Generalized analysis of weakly interacting massive
                        particle searches}",
      journal        = "Phys. Rev.",
      volume         = "D69",
      year           = "2004",
      pages          = "063503",
      doi            = "10.1103/PhysRevD.69.063503",
      eprint         = "hep-ph/0307185",
      archivePrefix  = "arXiv",
      primaryClass   = "hep-ph",
      SLACcitation   = "%%CITATION = HEP-PH/0307185;%%"
}
@article{Hisano:2010ct,
      author         = "Hisano, Junji and Ishiwata, Koji and Nagata, Natsumi",
      title          = "{Gluon contribution to the dark matter direct detection}",
      journal        = "Phys. Rev.",
      volume         = "D82",
      year           = "2010",
      pages          = "115007",
      doi            = "10.1103/PhysRevD.82.115007",
      eprint         = "1007.2601",
      archivePrefix  = "arXiv",
      primaryClass   = "hep-ph",
      reportNumber   = "IPMU10-0113, ICRR-REPORT-570-2010-3",
      SLACcitation   = "%%CITATION = ARXIV:1007.2601;%%"
}


% Dark matter experiments

@article{Bennett:2003ba,
      author         = "Bennett, C.L. and others",
      title          = "{The Microwave Anisotropy Probe (MAP) mission}",
      collaboration  = "WMAP",
      journal        = "Astrophys.J.",
      volume         = "583",
      pages          = "1",
      doi            = "10.1086/345346",
      year           = "2003",
      eprint         = "astro-ph/0301158",
      archivePrefix  = "arXiv",
      primaryClass   = "astro-ph",
      SLACcitation   = "%%CITATION = ASTRO-PH/0301158;%%",
}
@article{Planck:2006aa,
      author         = "Tauber, J. and others",
      editor         = "Tauber, J.",
      title          = "{The Scientific programme of Planck}",
      collaboration  = "Planck",
      year           = "2006",
      eprint         = "astro-ph/0604069",
      archivePrefix  = "arXiv",
      primaryClass   = "astro-ph",
      reportNumber   = "ESA-SCI-2005-1, ESA-SCI(2005)1",
      SLACcitation   = "%%CITATION = ASTRO-PH/0604069;%%",
}

@article{Ade:2013zuv,
      author         = "Ade, P.A.R. and others",
      title          = "{Planck 2013 results. XVI. Cosmological parameters}",
      collaboration  = "Planck",
      journal        = "Astron. Astrophys.",
      volume         = "571",
      pages          = "A16",
      doi            = "10.1051/0004-6361/201321591",
      year           = "2014",
      eprint         = "1303.5076",
      archivePrefix  = "arXiv",
      primaryClass   = "astro-ph.CO",
      SLACcitation   = "%%CITATION = ARXIV:1303.5076;%%",
}

@article{Ade:2015xua,
      author         = "Ade, P. A. R. and others",
      title          = "{Planck 2015 results. XIII. Cosmological parameters}",
      collaboration  = "Planck",
      journal        = "Astron. Astrophys.",
      volume         = "594",
      year           = "2016",
      pages          = "A13",
      doi            = "10.1051/0004-6361/201525830",
      eprint         = "1502.01589",
      archivePrefix  = "arXiv",
      primaryClass   = "astro-ph.CO",
      SLACcitation   = "%%CITATION = ARXIV:1502.01589;%%"
}

@article{Amole:2015lsj,
      author         = "Amole, C. and others",
      title          = "{Dark Matter Search Results from the PICO-2L C$_3$F$_8$
                        Bubble Chamber}",
      collaboration  = "PICO",
      journal        = "Phys. Rev. Lett.",
      volume         = "114",
      year           = "2015",
      pages          = "231302",
      doi            = "10.1103/PhysRevLett.114.231302",
      eprint         = "1503.00008",
      archivePrefix  = "arXiv",
      primaryClass   = "astro-ph.CO",
      reportNumber   = "FERMILAB-PUB-14-456-AE-E",
      SLACcitation   = "%%CITATION = ARXIV:1503.00008;%%"
}
@article{Amole:2015pla,
      author         = "Amole, C. and others",
      title          = "{Dark matter search results from the PICO-60 CF$_3$I
                        bubble chamber}",
      collaboration  = "PICO",
      journal        = "Phys. Rev. D",
      volume         = "93",
      year           = "2016",
      pages          = "052014",
      doi            = "10.1103/PhysRevD.93.052014",
      eprint         = "1510.07754",
      archivePrefix  = "arXiv",
      primaryClass   = "hep-ex",
      reportNumber   = "FERMILAB-PUB-15-449-AE-E",
      SLACcitation   = "%%CITATION = ARXIV:1510.07754;%%"
}

@article{Amole:2016pye,
      author         = "Amole, C. and others",
      title          = "{Improved dark matter search results from PICO-2L Run 2}",
      collaboration  = "PICO",
      journal        = "Phys. Rev. D",
      volume         = "93",
      year           = "2016",
      pages          = "061101",
      doi            = "10.1103/PhysRevD.93.061101",
      eprint         = "1601.03729",
      archivePrefix  = "arXiv",
      primaryClass   = "astro-ph.CO",
      reportNumber   = "FERMILAB-PUB-16-028-AE-E-PPD",
      SLACcitation   = "%%CITATION = ARXIV:1601.03729;%%"
}

@article{Akerib:2013tjd,
      author         = "Akerib, D.S. and others",
      title          = "{First results from the LUX dark matter experiment at the
                        Sanford Underground Research Facility}",
      collaboration  = "LUX",
      journal        = "Phys.Rev.Lett.",
      volume         = "112",
      pages          = "091303",
      year           = "2014",
      eprint         = "1310.8214",
      archivePrefix  = "arXiv",
      primaryClass   = "astro-ph.CO",
      SLACcitation   = "%%CITATION = ARXIV:1310.8214;%%",
}

@article{Akerib:2015rjg,
      author         = "Akerib, D. S. and others",
      title          = "{Improved Limits on Scattering of Weakly Interacting
                        Massive Particles from Reanalysis of 2013 LUX Data}",
      collaboration  = "LUX",
      journal        = "Phys. Rev. Lett.",
      volume         = "116",
      year           = "2016",
      pages          = "161301",
      doi            = "10.1103/PhysRevLett.116.161301",
      eprint         = "1512.03506",
      archivePrefix  = "arXiv",
      primaryClass   = "astro-ph.CO",
      SLACcitation   = "%%CITATION = ARXIV:1512.03506;%%"
}

@article{Choi:2015ara,
      author         = "Choi, K. and others",
      title          = "{Search for neutrinos from annihilation of captured
                        low-mass dark matter particles in the Sun by
                        Super-Kamiokande}",
      collaboration  = "Super-Kamiokande",
      journal        = "Phys. Rev. Lett.",
      volume         = "114",
      year           = "2015",
      pages          = "141301",
      doi            = "10.1103/PhysRevLett.114.141301",
      eprint         = "1503.04858",
      archivePrefix  = "arXiv",
      primaryClass   = "hep-ex",
      SLACcitation   = "%%CITATION = ARXIV:1503.04858;%%"
}

@article{Aartsen:2016exj,
      author         = "Aartsen, M. G. and others",
      title          = "{Improved limits on dark matter annihilation in the Sun
                        with the 79-string IceCube detector and implications for
                        supersymmetry}",
      collaboration  = "IceCube",
      journal        = "JCAP",
      volume         = "04",
      year           = "2016",
      pages          = "022",
      doi            = "10.1088/1475-7516/2016/04/022",
      eprint         = "1601.00653",
      archivePrefix  = "arXiv",
      primaryClass   = "hep-ph",
      SLACcitation   = "%%CITATION = ARXIV:1601.00653;%%"
}

@Article{bib:ADD1,
     author    = "N. Arkani-Hamed and  S. Dimopoulos and G. Dvali",
     title     = "The hierarchy problem and new dimensions at a millimeter",
     journal   = "Phys. Lett. B",
     volume    = "429",
     year      = "1998",
     eprint         = "hep-ph/9803315",
     archivePrefix  = "arXiv",
     primaryClass   = "hep-ph",
     pages     = "263",
     doi       = "10.1016/S0370-2693(98)00466-3"}
@article{ADDPRD,
      author         = "Arkani-Hamed, Nima and Dimopoulos, Savas and Dvali, G. R.",
      title          = "{Phenomenology, astrophysics and cosmology of theories
                        with submillimeter dimensions and TeV scale quantum
                        gravity}",
      journal        = "Phys. Rev. D",
      volume         = "59",
      pages          = "086004",
      doi            = "10.1103/PhysRevD.59.086004",
      year           = "1999",
      eprint         = "hep-ph/9807344",
      archivePrefix  = "arXiv",
      primaryClass   = "hep-ph",
      reportNumber   = "SLAC-PUB-7864, SU-ITP-98-142, IC-98-44",
      SLACcitation   = "%%CITATION = HEP-PH/9807344;%%",
}

@article{Antoniadis,
      author         = "Antoniadis, Ignatios and Benakli, K. and Quiros, M.",
      title          = "{Direct collider signatures of large extra dimensions}",
      journal        = "Phys. Lett. B",
      volume         = "460",
      pages          = "176",
      doi            = "10.1016/S0370-2693(99)00764-9",
      year           = "1999",
      eprint         = "hep-ph/9905311",
      archivePrefix  = "arXiv",
      primaryClass   = "hep-ph",
      reportNumber   = "CPHT-S717-0599, CERN-TH-99-128, IEM-FT-192-99",
      SLACcitation   = "%%CITATION = HEP-PH/9905311;%%",
}

@Article{ADDGiudice,
     author    = "G. Giudice and R. Rattazzi and J. Wells",
     title     = "Quantum gravity and extra dimensions at high-energy colliders",
     journal   = "Nucl. Phys. B",
     volume    = "544",
     year      = "1999",
     eprint    = "hep-ph/9811291",
     archivePrefix  = "arXiv",
     primaryClass   = "hep-ph",
     pages     = "3",
     doi       = "10.1016/S0550-3213(99)00044-9"
}
%     pages     = "3-38",
% [hep-ph/9811291];

@Article{bib:ADD3,
     author    = "T. Han and J. Lykken and R. J. Zhang",
     title     = "On Kaluza-Klein states from large extra dimensions",
     journal   = "Phys. Rev.",
     volume    = "D59",
     year      = "1999",
     pages     = "105006",
     doi       = "10.1103/PhysRevD.59.105006"}
% [hep-ph/9811350]

@Article{ADDPeskin,
     author    = "E. Mirabelli and M. Perelstein and M. Peskin",
     title     = "Collider signatures of new large space dimensions",
     journal   = "Phys. Rev. Lett.",
     volume    = "82",
     year      = "1999",
     eprint         = "hep-ph/9811337",
     archivePrefix  = "arXiv",
     primaryClass   = "hep-ph",
     pages     = "2236",
     doi       = "10.1103/PhysRevLett.82.2236"
}
%     pages     = "2236-2239",
% [hep-ph/9811337]

@techreport{2017wyc,
      title          = "{Jet algorithms performance in 13 TeV data}",
      collaboration  = "CMS",
      year           = "2017",
      reportNumber   = "CMS-PAS-JME-16-003",
      url            = "http://cds.cern.ch/record/2256875",
}

@techreport{CMS-PAS-JME-16-004,
      title         = "{Performance of missing energy reconstruction in 13 TeV pp collision data using the CMS detector}",
      collaboration = "CMS",
      number        = "CMS-PAS-JME-16-004",
      year          = "2016",
      reportNumber  = "CMS-PAS-JME-16-004",
      type          = "CMS Physics Analysis Summary",
      url           = "https://cds.cern.ch/record/2205284",
}


@article{Bauer:2016gys,
      author         = "Bauer, Martin and others",
      title          = "{Towards the next generation of simplified Dark Matter
                        models}",
      year           = "2016",
      eprint         = "1607.06680",
      archivePrefix  = "arXiv",
      primaryClass   = "hep-ex",
      SLACcitation   = "%%CITATION = ARXIV:1607.06680;%%"                                                                                                                            
}

@article{Allahverdi:2013mza,
      author         = "Allahverdi, Rouzbeh and Dutta, Bhaskar",
      title          = "{Natural GeV Dark Matter and the Baryon-Dark Matter
                        Coincidence Puzzle}",
      journal        = "Phys. Rev. D",
      volume         = "88",
      year           = "2013",
      pages          = "023525",
      doi            = "10.1103/PhysRevD.88.023525",
      eprint         = "1304.0711",
      archivePrefix  = "arXiv",
      primaryClass   = "hep-ph",
      reportNumber   = "MIFPA-13-12",
      SLACcitation   = "%%CITATION = ARXIV:1304.0711;%%"
}


@article{bib:NonThDM_paper,
      author         = "Dutta, Bhaskar and Gao, Yu and Kamon, Teruki",
      title          = "{Probing Light Nonthermal Dark Matter at the LHC}",
      journal        = "Phys. Rev. D",
      volume         = "89",
      year           = "2014",
      pages          = "096009",
      doi            = "10.1103/PhysRevD.89.096009",
      eprint         = "1401.1825",
      archivePrefix  = "arXiv",
      primaryClass   = "hep-ph",
      reportNumber   = "MIFPA-14-01",
      SLACcitation   = "%%CITATION = ARXIV:1401.1825;%%"
}

@article{fermionportal_ref1,
      author         = "Bai, Yang and Berger, Joshua",
      title          = "{Fermion Portal Dark Matter}",
      journal        = "JHEP",
      volume         = "11",
      year           = "2013",
      pages          = "171",
      doi            = "10.1007/JHEP11(2013)171",
      eprint         = "1308.0612",
      archivePrefix  = "arXiv",
      primaryClass   = "hep-ph",
      reportNumber   = "SLAC-PUB-15704",
      SLACcitation   = "%%CITATION = ARXIV:1308.0612;%%"
}

@article{Khachatryan:2015cwa,
      author         = "Khachatryan, Vardan and others",
      title          = "{Search for a Higgs boson in the mass range from 145 to
                        1000 GeV decaying to a pair of W or Z bosons}",
      collaboration  = "CMS",
      journal        = "JHEP",
      volume         = "10",
      year           = "2015",
      pages          = "144",
      doi            = "10.1007/JHEP10(2015)144",
      eprint         = "1504.00936",
      archivePrefix  = "arXiv",
      primaryClass   = "hep-ex",
      reportNumber   = "CMS-HIG-13-031, CERN-PH-EP-2015-074",
      SLACcitation   = "%%CITATION = ARXIV:1504.00936;%%"
}

@article{paper-exo-037,
      author         = "Sirunyan, Albert M and others",
      title          = "{Search for dark matter produced with an energetic jet or
                        a hadronically decaying W or Z boson at $ \sqrt{s}=13 $
                        TeV}",
      collaboration  = "CMS",
      journal        = "JHEP",
      volume         = "07",
      year           = "2017",
      pages          = "014",
      doi            = "10.1007/JHEP07(2017)014",
      eprint         = "1703.01651",
      archivePrefix  = "arXiv",
      primaryClass   = "hep-ex",
      reportNumber   = "CMS-EXO-16-037, CERN-EP-2017-031",
      SLACcitation   = "%%CITATION = ARXIV:1703.01651;%%"
}


@unpublished{DMTheory,
      author         = "Lindert, J. M. and others",
      title          = "{Precise predictions for V+jets dark matter backgrounds}",
      year           = "2017",
      eprint         = "1705.04664",
      archivePrefix  = "arXiv",
      primaryClass   = "hep-ph",
      reportNumber   = "CERN-TH-2017-102, CERN-LPCC-2017-02, IPPP-17-38,
                        --FERMILAB-PUB-17-152-T, ZU--TH-12-17",
      SLACcitation   = "%%CITATION = ARXIV:1705.04664;%%"
}

@article{Akerib:2016vxi,
      author         = "Akerib, D. S. and others",
      title          = "{Results from a search for dark matter in the complete
                        LUX exposure}",
      collaboration  = "LUX",
      journal        = "Phys. Rev. Lett.",
      volume         = "118",
      year           = "2017",
      pages          = "021303",
      doi            = "10.1103/PhysRevLett.118.021303",
      eprint         = "1608.07648",
      archivePrefix  = "arXiv",
      primaryClass   = "astro-ph.CO",
      SLACcitation   = "%%CITATION = ARXIV:1608.07648;%%"
}
@article{Tan:2016zwf,
      author         = "Tan, Andi and others",
      title          = "{Dark Matter Results from First 98.7 Days of Data from
                        the PandaX-II Experiment}",
      collaboration  = "PandaX-II",
      journal        = "Phys. Rev. Lett.",
      volume         = "117",
      year           = "2016",
      pages          = "121303",
      doi            = "10.1103/PhysRevLett.117.121303",
      eprint         = "1607.07400",
      archivePrefix  = "arXiv",
      primaryClass   = "hep-ex",
      SLACcitation   = "%%CITATION = ARXIV:1607.07400;%%"
}

@article{Haisch:2012kf,
      author         = "Haisch, Ulrich and Kahlhoefer, Felix and Unwin, James",
      title          = "{The impact of heavy-quark loops on LHC dark matter
                        searches}",
      journal        = "JHEP",
      volume         = "07",
      year           = "2013",
      pages          = "125",
      doi            = "10.1007/JHEP07(2013)125",
      eprint         = "1208.4605",
      archivePrefix  = "arXiv",
      primaryClass   = "hep-ph",
      reportNumber   = "OUTP-12-15P",
      SLACcitation   = "%%CITATION = ARXIV:1208.4605;%%"
}

@article{Berlin:2014tja,
      author         = "Berlin, Asher and Hooper, Dan and McDermott, Samuel D.",
      title          = "{Simplified Dark Matter Models for the Galactic Center
                        Gamma-Ray Excess}",
      journal        = "Phys. Rev. D",
      volume         = "89",
      year           = "2014",
      pages          = "115022",
      doi            = "10.1103/PhysRevD.89.115022",
      eprint         = "1404.0022",
      archivePrefix  = "arXiv",
      primaryClass   = "hep-ph",
      reportNumber   = "FERMILAB-PUB-14-060-A, MCTP-14-07",
      SLACcitation   = "%%CITATION = ARXIV:1404.0022;%%"
}
@techreport{CMS-NOTE-2017-001,
      title         = "{Simplified likelihood for the re-interpretation of public CMS results}",
      collaboration = "CMS",
      number        = "CMS-NOTE-2017-001",
      year          = "2017",
      type          = "CMS Note",
      reportNumber  = "CMS-NOTE-2017-001",
      url           = "https://cds.cern.ch/record/2242860",
}

@unpublished{Boveia:2016mrp,
      author         = "Busoni, Giorgio and others",
      editor         = "Boveia, Antonio and Buchmueller, Oliver and Doglioni,
                        Caterina and Hahn, Kristian and Haisch, Ulrich and
                        Kahlhoefer, Felix and Mangano, Michelangelo and McCabe,
                        Christopher and Tait, Tim M. P.",
      title          = "{Recommendations on presenting LHC searches for missing
                        transverse energy signals using simplified $s$-channel
                        models of dark matter}",
      year           = "2016",
      eprint         = "1603.04156",
      archivePrefix  = "arXiv",
      primaryClass   = "hep-ex",
      reportNumber   = "CERN-LPCC-2016-001, FERMILAB-FN-1009-CD",
      SLACcitation   = "%%CITATION = ARXIV:1603.04156;%%"
}

@article{Behnke:2016lsk,
      author         = "Behnke, E. and others",
      title          = "{Final Results of the PICASSO Dark Matter Search
                        Experiment}",
      journal        = "Astropart. Phys.",
      volume         = "90",
      year           = "2017",
      pages          = "85",
      doi            = "10.1016/j.astropartphys.2017.02.005",
      eprint         = "1611.01499",
      archivePrefix  = "arXiv",
      primaryClass   = "hep-ex",
      SLACcitation   = "%%CITATION = ARXIV:1611.01499;%%"
}

@article{Boughezal:2016isb,
      author         = "Boughezal, Radja and Liu, Xiaohui and Petriello, Frank",
      title          = "{Phenomenology of the Z-boson plus jet process at NNLO}",
      journal        = "Phys. Rev. D",
      volume         = "94",
      year           = "2016",
      pages          = "074015",
      doi            = "10.1103/PhysRevD.94.074015",
      eprint         = "1602.08140",
      archivePrefix  = "arXiv",
      primaryClass   = "hep-ph",
      SLACcitation   = "%%CITATION = ARXIV:1602.08140;%%"
}

@article{Ridder:2016nkl,
      author         = "Gehrmann-De Ridder, Aude and Gehrmann, T. and Glover, E.
                        W. N. and Huss, A. and Morgan, T. A.",
      title          = "{The NNLO QCD corrections to Z boson production at large
                        transverse momentum}",
      journal        = "JHEP",
      volume         = "07",
      year           = "2016",
      pages          = "133",
      doi            = "10.1007/JHEP07(2016)133",
      eprint         = "1605.04295",
      archivePrefix  = "arXiv",
      primaryClass   = "hep-ph",
      reportNumber   = "IPPP-16-39, NSF-KITP-16-067, ZU-TH-18-16",
      SLACcitation   = "%%CITATION = ARXIV:1605.04295;%%"
}

@article{Boughezal:2016dtm,
      author         = "Boughezal, Radja and Liu, Xiaohui and Petriello, Frank",
      title          = "{W-boson plus jet differential distributions at NNLO in
                        QCD}",
      journal        = "Phys. Rev. D",
      volume         = "94",
      year           = "2016",
      pages          = "113009",
      doi            = "10.1103/PhysRevD.94.113009",
      eprint         = "1602.06965",
      archivePrefix  = "arXiv",
      primaryClass   = "hep-ph",
      SLACcitation   = "%%CITATION = ARXIV:1602.06965;%%"
}

@article{Ridder:2015dxa,
      author         = "Gehrmann-De Ridder, A. and Gehrmann, T. and Glover, E. W.
                        N. and Huss, A. and Morgan, T. A.",
      title          = "{Precise QCD predictions for the production of a Z boson
                        in association with a hadronic jet}",
      journal        = "Phys. Rev. Lett.",
      volume         = "117",
      year           = "2016",
      pages          = "022001",
      doi            = "10.1103/PhysRevLett.117.022001",
      eprint         = "1507.02850",
      archivePrefix  = "arXiv",
      primaryClass   = "hep-ph",
      reportNumber   = "IPPP-15-44, ZU-TH-23-15",
      SLACcitation   = "%%CITATION = ARXIV:1507.02850;%%"
}

@article{Campbell:2016lzl,
      author         = "Campbell, John M. and Ellis, R. Keith and Williams,
                        Ciaran",
      title          = "{Direct Photon Production at Next-to-Next-to-Leading
                        Order}",
      year           = "2016",
      eprint         = "1612.04333",
      archivePrefix  = "arXiv",
      primaryClass   = "hep-ph",
      reportNumber   = "IPPP-16-115, FERMILAB-PUB-16-585-T",
      SLACcitation   = "%%CITATION = ARXIV:1612.04333;%%"
}

@article{Denner:2011vu,
      author         = "Denner, Ansgar and Dittmaier, Stefan and Kasprzik, Tobias
                        and Muck, Alexander",
      title          = "{Electroweak corrections to dilepton+jet production at
                        hadron colliders}",
      journal        = "JHEP",
      volume         = "06",
      year           = "2011",
      pages          = "069",
      doi            = "10.1007/JHEP06(2011)069",
      eprint         = "1103.0914",
      archivePrefix  = "arXiv",
      primaryClass   = "hep-ph",
      SLACcitation   = "%%CITATION = ARXIV:1103.0914;%%"
}

@article{Denner:2009gj,
      author         = "Denner, Ansgar and Dittmaier, Stefan and Kasprzik, Tobias
                        and Muck, Alexander",
      title          = "{Electroweak corrections to W+jet hadroproduction
                        including leptonic W-boson decays}",
      journal        = "JHEP",
      volume         = "08",
      year           = "2009",
      pages          = "075",
      doi            = "10.1088/1126-6708/2009/08/075",
      eprint         = "0906.1656",
      archivePrefix  = "arXiv",
      primaryClass   = "hep-ph",
      reportNumber   = "MPP-2009-72, PSI-PR-09-08",
      SLACcitation   = "%%CITATION = ARXIV:0906.1656;%%"
}

@article{Campbell:2017dqk,
      author         = "Campbell, John M. and Ellis, R. Keith and Williams,
                        Ciaran",
      title          = "{Driving Miss Data: Going Up a Gear to NNLO}",
      year           = "2017",
      eprint         = "1703.10109",
      archivePrefix  = "arXiv",
      primaryClass   = "hep-ph",
      reportNumber   = "PPP-17-25, IPPP-17-25, FERMILAB-PUB-17-085-T",
      SLACcitation   = "%%CITATION = ARXIV:1703.10109;%%"
}

@article{Kallweit:2015dum,
      author         = "Kallweit, Stefan and Lindert, Jonas M. and Maierhofer,
                        Philipp and Pozzorini, Stefano and Schönherr, Marek",
      title          = "{NLO QCD+EW predictions for V+jets including off-shell
                        vector-boson decays and multijet merging}",
      journal        = "JHEP",
      volume         = "04",
      year           = "2016",
      pages          = "021",
      doi            = "10.1007/JHEP04(2016)021",
      eprint         = "1511.08692",
      archivePrefix  = "arXiv",
      primaryClass   = "hep-ph",
      reportNumber   = "DCPT-15-140, FR-PHENO-2015-014, IPPP-15-70, MCNET-15-23,
                        MITP-15-108, ZU-TH-41-15, --MITP-15-108",
      SLACcitation   = "%%CITATION = ARXIV:1511.08692;%%"
}


@article{Denner:2012ts,
      author         = "Denner, Ansgar and Dittmaier, Stefan and Kasprzik, Tobias
                        and Mück, Alexander",
      title          = "{Electroweak corrections to monojet production at the
                        LHC}",
      journal        = "Eur. Phys. J. C",
      volume         = "73",
      year           = "2013",
      pages          = "2297",
      doi            = "10.1140/epjc/s10052-013-2297-x",
      eprint         = "1211.5078",
      archivePrefix  = "arXiv",
      primaryClass   = "hep-ph",
      SLACcitation   = "%%CITATION = ARXIV:1211.5078;%%"
}

@article{Kuhn:2007cv,
      author         = "Kuhn, Johann H. and Kulesza, A. and Pozzorini, S. and
                        Schulze, M.",
      title          = "{Electroweak corrections to hadronic production of W
                        bosons at large transverse momenta}",
      journal        = "Nucl. Phys. B",
      volume         = "797",
      year           = "2008",
      pages          = "27",
      doi            = "10.1016/j.nuclphysb.2007.12.029",
      eprint         = "0708.0476",
      archivePrefix  = "arXiv",
      primaryClass   = "hep-ph",
      reportNumber   = "TTP07-19, SFB-CPP-07-43, MPP-2007-102, DESY-07-112",
      SLACcitation   = "%%CITATION = ARXIV:0708.0476;%%"
}

@article{Kuhn:2005az,
      author         = "Kuhn, Johann H. and Kulesza, A. and Pozzorini, S. and
                        Schulze, M.",
      title          = "{One-loop weak corrections to hadronic production of Z
                        bosons at large transverse momenta}",
      journal        = "Nucl. Phys. B",
      volume         = "727",
      year           = "2005",
      pages          = "368",
      doi            = "10.1016/j.nuclphysb.2005.08.019",
      eprint         = "hep-ph/0507178",
      archivePrefix  = "arXiv",
      primaryClass   = "hep-ph",
      reportNumber   = "TTP05-10, SFB-CPP-05-30",
      SLACcitation   = "%%CITATION = HEP-PH/0507178;%%"
}

@article{Kuhn:2004em,
      author         = "Kuhn, Johann H. and Kulesza, A. and Pozzorini, S. and
                        Schulze, M.",
      title          = "{Logarithmic electroweak corrections to hadronic Z+1 jet
                        production at large transverse momentum}",
      journal        = "Phys. Lett. B",
      volume         = "609",
      year           = "2005",
      pages          = "277",
      doi            = "10.1016/j.physletb.2005.01.059",
      eprint         = "hep-ph/0408308",
      archivePrefix  = "arXiv",
      primaryClass   = "hep-ph",
      reportNumber   = "TTP04-18, SFB-CPP-04-32",
      SLACcitation   = "%%CITATION = HEP-PH/0408308;%%"
}

@article{Backovic:2015soa,
      author         = "Backović, Mihailo and Krämer, Michael and Maltoni,
                        Fabio and Martini, Antony and Mawatari, Kentarou and
                        Pellen, Mathieu",
      title          = "{Higher-order QCD predictions for dark matter production
                        at the LHC in simplified models with s-channel mediators}",
      journal        = "Eur. Phys. J. C",
      volume         = "75",
      year           = "2015",
      pages          = "482",
      doi            = "10.1140/epjc/s10052-015-3700-6",
      eprint         = "1508.05327",
      archivePrefix  = "arXiv",
      primaryClass   = "hep-ph",
      reportNumber   = "MCNET-15-24, CP3-15-25, TTK-15-19",
      SLACcitation   = "%%CITATION = ARXIV:1508.05327;%%"
}
@article{Ellis:2009su,
      author         = "Ellis, Stephen D. and Vermilion, Christopher K. and
                        Walsh, Jonathan R.",
      title          = "{Techniques for improved heavy particle searches with jet
                        substructure}",
      journal        = "Phys. Rev. D",
      volume         = "80",
      year           = "2009",
      pages          = "051501",
      doi            = "10.1103/PhysRevD.80.051501",
      eprint         = "0903.5081",
      archivePrefix  = "arXiv",
      primaryClass   = "hep-ph",
      SLACcitation   = "%%CITATION = ARXIV:0903.5081;%%"
}
@inproceedings{Alexander:2016aln,
      author         = "Alexander, Jim and others",
      title          = "{Dark Sectors 2016 Workshop: Community Report}",
      url            = "https://inspirehep.net/record/1484628/files/arXiv:1608.08632.pdf",
      year           = "2016",
      eprint         = "1608.08632",
      archivePrefix  = "arXiv",
      primaryClass   = "hep-ph",
      reportNumber   = "FERMILAB-CONF-16-421",
      SLACcitation   = "%%CITATION = ARXIV:1608.08632;%%"
}


@Techreport{CMS-TDR-15-02,
      AUTHOR      = "{CMS Collaboration}",
      COLLABORATION = "{CMS}",
      institution    = "CERN",
      TITLE       = "Technical proposal for the Phase-II upgrade
                     of the Compact Muon Solenoid",
      URL         = "http://cds.cern.ch/record/2020886",
      TYPE        = "CMS Technical proposal",
      NUMBER      = "CERN-LHCC-2015-010, CMS-TDR-15-02",
      YEAR        = "2015"
}


@unpublished{CMS-PRF-14-001,
      author         = "Sirunyan, A. M. and others",
      title          = "Particle-flow reconstruction and global event description with the CMS detector",
      collaboration  = "CMS",
      year           = "2017",
      eprint         = "1706.04965",
      archivePrefix  = "arXiv",
      primaryClass   = "physics.ins-det",
      reportNumber   = "CMS-PRF-14-001, CERN-EP-2017-110",
      SLACcitation   = "%%CITATION = ARXIV:1706.04965;%%",
      note           = "Submitted to {\it JINST.}"
}
@article{Dokshitzer:1997in,
      author         = "Dokshitzer, Yuri L. and Leder, G. D. and Moretti, S. and
                        Webber, B. R.",
      title          = "{Better jet clustering algorithms}",
      journal        = "JHEP",
      volume         = "08",
      year           = "1997",
      pages          = "001",
      doi            = "10.1088/1126-6708/1997/08/001",
      eprint         = "hep-ph/9707323",
      archivePrefix  = "arXiv",
      primaryClass   = "hep-ph",
      reportNumber   = "CAVENDISH-HEP-97-06",
      SLACcitation   = "%%CITATION = HEP-PH/9707323;%%"
}

@techreport{CMS-PAS-JME-09-011,
      title         = "{A Cambridge-Aachen (C-A) based Jet Algorithm for boosted
                       top-jet tagging}",
      institution   = "CERN",
      collaboration = "CMS Collaboration",
      address       = "Geneva",
      number        = "CMS-PAS-JME-09-001",
      month         = "Jul",
      year          = "2009",
      reportNumber  = "CMS-PAS-JME-09-001",
      url           = "https://cds.cern.ch/record/1194489",
}

@article{Aad:2014iia,
      author         = "Aad, Georges and others",
      title          = "{Search for Invisible Decays of a Higgs Boson Produced in
                        Association with a Z Boson in ATLAS}",
      collaboration  = "ATLAS",
      journal        = "Phys. Rev. Lett.",
      volume         = "112",
      year           = "2014",
      pages          = "201802",
      doi            = "10.1103/PhysRevLett.112.201802",
      eprint         = "1402.3244",
      archivePrefix  = "arXiv",
      primaryClass   = "hep-ex",
      reportNumber   = "CERN-PH-EP-2013-210",
      SLACcitation   = "%%CITATION = ARXIV:1402.3244;%%"
}

@article{Khachatryan:2016whc,
      author         = "Khachatryan, Vardan and others",
      title          = "{Searches for invisible decays of the Higgs boson in pp
                        collisions at $\sqrt{s}$ = 7, 8, and 13 TeV}",
      collaboration  = "CMS",
      journal        = "JHEP",
      volume         = "02",
      year           = "2017",
      pages          = "135",
      doi            = "10.1007/JHEP02(2017)135",
      eprint         = "1610.09218",
      archivePrefix  = "arXiv",
      primaryClass   = "hep-ex",
      reportNumber   = "CMS-HIG-16-016, CERN-EP-2016-240",
      SLACcitation   = "%%CITATION = ARXIV:1610.09218;%%"
}

@article{Chatrchyan:2012xi,
      author         = "Chatrchyan, Serguei and others",
      title          = "{Performance of CMS muon reconstruction in pp collision
                        events at $\sqrt{s} = 7$\TeV}",
      collaboration  = "CMS Collaboration",
      journal        = "JINST",
      volume         = "7",
      pages          = "P10002",
      doi            = "10.1088/1748-0221/7/10/P10002",
      year           = "2012",
      eprint         = "1206.4071",
      archivePrefix  = "arXiv",
      primaryClass   = "physics.ins-det",
      reportNumber   = "CMS-MUO-10-004, CERN-PH-EP-2012-173",
      SLACcitation   = "%%CITATION = ARXIV:1206.4071;%%",
}

@article{TRK-11-001,
      author         = "Chatrchyan, Serguei and others",
      title          = "{Description and performance of track and
                        primary-vertex reconstruction with the CMS
                        tracker}",
      collaboration  = "CMS",
      journal           = "JINST",
      volume          = "9",
      pages           = "P10009",
      doi            = "10.1088/1748-0221/9/10/P10009",
      year           = "2014",
      eprint         = "1405.6569",
      archivePrefix  = "arXiv",
      primaryClass   = "physics.ins-det",
      reportNumber   = "CMS-TRK-11-001, CERN-PH-EP-2014-070",
      SLACcitation   = "%%CITATION = ARXIV:1405.6569;%%",
}

@article{Alioli:2009je,
      author         = "Alioli, Simone and Nason, Paolo and Oleari, Carlo and Re,
                        Emanuele",
      title          = "{NLO single-top production matched with shower in POWHEG:
                        s- and t-channel contributions}",
      journal        = "JHEP",
      volume         = "09",
      year           = "2009",
      pages          = "111",
      doi            = "10.1088/1126-6708/2009/09/111",
      note           = "[Erratum: \DOI{10.1007/JHEP02(2010)011}]",
      eprint         = "0907.4076",
      archivePrefix  = "arXiv",
      primaryClass   = "hep-ph",
      SLACcitation   = "%%CITATION = ARXIV:0907.4076;%%"
}


@article{Alioli:2008tz,
      author         = "Alioli, Simone and Nason, Paolo and Oleari, Carlo and Re,
                        Emanuele",
      title          = "{NLO Higgs boson production via gluon fusion matched with
                        shower in POWHEG}",
      journal        = "JHEP",
      volume         = "04",
      year           = "2009",
      pages          = "002",
      doi            = "10.1088/1126-6708/2009/04/002",
      eprint         = "0812.0578",
      archivePrefix  = "arXiv",
      primaryClass   = "hep-ph",
      SLACcitation   = "%%CITATION = ARXIV:0812.0578;%%"
}

@article{Nason:2009ai,
      author         = "Nason, Paolo and Oleari, Carlo",
      title          = "{NLO Higgs boson production via vector-boson fusion
                        matched with shower in POWHEG}",
      journal        = "JHEP",
      volume         = "02",
      year           = "2010",
      pages          = "037",
      doi            = "10.1007/JHEP02(2010)037",
      eprint         = "0911.5299",
      archivePrefix  = "arXiv",
      primaryClass   = "hep-ph",
      SLACcitation   = "%%CITATION = ARXIV:0911.5299;%%"
}
@article{Mattelaer:2015haa,
      author         = "Mattelaer, Olivier and Vryonidou, Eleni",
      title          = "{Dark matter production through loop-induced processes at
                        the LHC: the s-channel mediator case}",
      journal        = "Eur. Phys. J. C",
      volume         = "75",
      year           = "2015",
      number         = "9",
      pages          = "436",
      doi            = "10.1140/epjc/s10052-015-3665-5",
      eprint         = "1508.00564",
      archivePrefix  = "arXiv",
      primaryClass   = "hep-ph",
      reportNumber   = "IPPP-15-48, DCPT-15-96, CP3-15-23, MCNET-15-20",
      SLACcitation   = "%%CITATION = ARXIV:1508.00564;%%"
}
@article{Anderson:2013afp,
      author         = "Anderson, Ian and others",
      title          = "{Constraining anomalous HVV interactions at proton and
                        lepton colliders}",
      booktitle      = "{Proceedings, 2013 Community Summer Study on the Future
                        of U.S. Particle Physics: Snowmass on the Mississippi
                        (CSS2013): Minneapolis, MN, USA, July 29-August 6, 2013}",
      journal        = "Phys. Rev. D",
      volume         = "89",
      year           = "2014",
      number         = "3",
      pages          = "035007",
      doi            = "10.1103/PhysRevD.89.035007",
      eprint         = "1309.4819",
      archivePrefix  = "arXiv",
      primaryClass   = "hep-ph",
      reportNumber   = "FERMILAB-PUB-13-386-PPD",
      SLACcitation   = "%%CITATION = ARXIV:1309.4819;%%"
}
@article{Schumann:2015cpa,
      author         = "Schumann, Marc and Baudis, Laura and Bütikofer, Lukas
                        and Kish, Alexander and Selvi, Marco",
      title          = "{Dark matter sensitivity of multi-ton liquid xenon
                        detectors}",
      journal        = "JCAP",
      volume         = "1510",
      year           = "2015",
      number         = "10",
      pages          = "016",
      doi            = "10.1088/1475-7516/2015/10/016",
      eprint         = "1506.08309",
      archivePrefix  = "arXiv",
      primaryClass   = "physics.ins-det",
      SLACcitation   = "%%CITATION = ARXIV:1506.08309;%%"
}
@article{Aprile:2017iyp,
      author         = "Aprile, E. and others",
      title          = "{First Dark Matter Search Results from the XENON1T
                        Experiment}",
      collaboration  = "XENON",
      year           = "2017",
      eprint         = "1705.06655",
      archivePrefix  = "arXiv",
      primaryClass   = "astro-ph.CO",
      SLACcitation   = "%%CITATION = ARXIV:1705.06655;%%"
}

@article{HiggsRun1,
      title          = "{Measurements of the Higgs boson production and decay rates and constraints 
      on its couplings from a combined ATLAS and CMS analysis of the LHC pp collision data at $\sqrt{s}$ 7 and 8 TeV}",
      collaboration  = "CMS and ATLAS",
      journal        = "JHEP",
      volume         = "08",
      year           = "2016",
      pages          = "045",
      doi            = "10.1007/JHEP08(2016)045",
      eprint         = "1606.02266",
      archivePrefix  = "arXiv",
      primaryClass   = "hep-ex",
      SLACcitation   = "%%CITATION = ARXIV:1606.02266;%%"
}

@article{Denner:2011mq,
      author         = "Denner, A. and Heinemeyer, S. and Puljak, I. and Rebuzzi,
                        D. and Spira, M.",
      title          = "{Standard Model Higgs-Boson Branching Ratios with
                        Uncertainties}",
      journal        = "Eur.Phys.J.",
      volume         = "C71",
      pages          = "1753",
      doi            = "10.1140/epjc/s10052-011-1753-8",
      year           = "2011",
      eprint         = "1107.5909",
      archivePrefix  = "arXiv",
      primaryClass   = "hep-ph",
      SLACcitation   = "%%CITATION = ARXIV:1107.5909;%%",
}

@misc{muonPOG_tag_and_probe_twiki,
author = {{CMS Muon POG}},
howpublished = "\url{https://twiki.cern.ch/twiki/bin/view/CMS/MuonWorkInProgressAndPagResults}"
}
@misc{CMS-BTV-TWIKI-BTAGWP,
  author = {{CMS BTV POG}},
  howpublished = "\url{https://twiki.cern.ch/twiki/bin/viewauth/CMS/BtagRecommendation74X}"
}


@misc{CMS-EGM-TWIKI-ELERECIPIES,
  author = {{CMS EGamma POG}},
  howpublished = "\url{https://twiki.cern.ch/twiki/bin/view/CMS/EgammaIDRecipesRun2}"
}

@article{jec,
      author         = "Khachatryan, Vardan and others",
      title          = "{Jet energy scale and resolution in the CMS experiment in
                        pp collisions at 8 TeV}",
      collaboration  = "CMS",
      year           = "2016",
      eprint         = "1607.03663",
      archivePrefix  = "arXiv",
      primaryClass   = "hep-ex",
      reportNumber   = "CMS-JME-13-004, CERN-PH-EP-2015-305",
      SLACcitation   = "%%CITATION = ARXIV:1607.03663;%%"                                                                                
}

